2201 3011
1725 148 1843 221 xii)

210 239 378 317 r‘um
413 237 503 313 ad
537 232 965 312 Pontificem
1004 234 1200 310 datas
1222 295 1243 329 ,
1278 263 1435 341 quae
1468 263 1846 314 commen-

209 352 505 428 datione
549 343 895 453 praecipust
935 345 1431 453 fungebantur
1472 411 1492 446 ‚
1547 350 1843 428 abeunti

210 463 668 567 Magistratus
679 463 1046 539 Firmanus
1065 461 1364 566 publico
1385 463 1675 540 decreto
1696 462 1850 540 scri-

213 574 420 680 pserit
448 579 1041 651 Monumentum
1078 576 1149 648 in
1169 575 1526 651 vestibulo
1563 573 1709 678 ipso
1735 579 1845 652 Se-

218 686 503 762 natoriae
519 689 720 760 Dorn
732 714 827 761 us.
845 686 981 761 Sed
999 686 1844 779 etiam,restauratisAEdi-

220 799 355 873 bus
385 858 405 890 ,
436 824 594 901 qnae
632 799 705 871 in
743 792 821 872 ea
846 822 1041 898 parte
1072 798 1163 870 ab
1197 797 1551 873 imbribus
1577 798 1845 876 Vitium

219 934 632 1011 acceperant
667 969 688 1001 ,
735 933 1296 984 monumentum
1348 908 1526 985 illud
1578 909 1844 1013 glorio-

221 1019 399 1096 fiore
432 1019 672 1095 adhuc
705 1019 944 1122 elogio
979 1020 1354 1095 renouauit
1387 1022 1716 1123 proxime
1746 1018 1848 1097 su-

220 1132 492 1236 periore
521 1159 715 1206 anno
741 1161 755 1205 :
794 1156 945 1206 tam
979 1128 1186 1206 firma
1209 1131 1298 1207 de
1318 1134 1432 1207 Te
1453 1193 1474 1227 ,
1508 1131 1581 1206 in
1605 1128 1684 1208 ea
1704 1133 1845 1207 Fir-

223 1240 435 1318 mana
456 1243 634 1319 vrbe
657 1304 677 1337 ,
713 1241 869 1318 sane
893 1244 1040 1318 Tui
1064 1240 1558 1318 studiofiffima
1579 1305 1599 1338 ‚
1634 1241 1850 1347 perse-

223 1379 421 1430 uerat
458 1416 479 1449 ,
516 1355 666 1429 imo
708 1380 1056 1457 perennat
1098 1352 1292 1430 fama
1321 1360 1400 1430 &
1434 1356 1849 1432 recordatio.

222 1469 294 1542 V
314 1490 362 1542 R
382 1489 418 1541 Β
437 1491 483 1540 A
502 1490 556 1542 N
579 1491 624 1543 V
643 1490 672 1540 S
692 1467 917 1542 VIII.
935 1464 1274 1542 Pontifex
1290 1468 1662 1545 Maximus
1686 1467 1847 1563 fuit,

223 1578 345 1682 qui
367 1579 479 1653 Te
516 1578 685 1653 inde
726 1580 1044 1653 Romam
1069 1578 1491 1673 deuocauit,
1533 1606 1846 1656 exeunte

224 1689 458 1765 ferme
482 1684 665 1766 illius
678 1688 1112 1766 Praefeaurae
1135 1691 1428 1766 biennio
1443 1753 1463 1785 ,
1493 1695 1570 1766 &
1587 1693 1709 1797 qui
1734 1695 1848 1768 Te

224 1798 469 1903 sponte
510 1801 688 1876 dixit
720 1800 1138 1879 Antistitem
1175 1802 1502 1878 Ecclesiae
1538 1805 1846 1879 Tricasi-

225 1910 444 1989 cenfis
468 1972 489 2005 ‚
530 1911 1029 2016 Legatumq'ue
1051 1913 1558 2015 Apostolicum
1593 1916 1682 1991 ad
1712 1916 1846 1991 tra-

224 2023 427 2099 &tum
447 2022 709 2119 Rheni,
729 2050 942 2129 atque
965 2025 1052 2100 ad
1072 2025 1477 2102 Prouincias
1500 2026 1854 2103 inferioris

226 2136 663 2210 Germaniae:
700 2139 845 2211 hoc
878 2137 1018 2228 est,
1040 2136 1128 2212 ad
1145 2139 1464 2244 quinque
1490 2140 1855 2215 maximos

224 2247 266 2322 ὲ
291 2245 583 2348 septenis
605 2250 665 2323 S.
684 2251 772 2322 R„
789 2251 837 2322 I.
860 2247 1602 2353 Archiepiscopatibus
1620 2313 1641 2345 ‚
1664 2255 1740 2325 ὅ(
1761 2251 1850 2326 ad

222 2355 674 2462 Episcopatus
695 2359 1040 2463 plurimos
1070 2390 1324 2438 eorum
1349 2360 1851 2467 fiiffraganeos3

225 2468 489 2575 cluibus
517 2474 890 2569 omnibus³
912 2502 1060 2549 vno
1081 2502 1366 2552 annexu
1387 2537 1408 2569 ‚
1434 2476 1608 2551 inest
1630 2473 1855 2578 gloria

1063 2586 1111 2661 b
1183 2615 1218 2689 3·
1642 2585 1848 2662 simul
