2201 3011
557 204 889 261 LissER
999 207 1421 262 NONVS..
1638 215 1793 280 -4o7

183 310 431 378 dalitatis
458 311 659 379 album
684 310 1072 378 transcribitur
1097 349 1111 394 3
1151 325 1210 378 &
1234 321 1444 401 poterit
1468 340 1789 384 venenum>

179 411 345 497 quod
369 438 434 475 ex
457 408 659 476 natura
680 410 940 476 hauserat
964 465 982 493 ,
1016 437 1230 498 ponere
1248 466 1266 495 ,
1292 407 1589 501 solamque
1614 427 1672 479 δε
1698 423 1789 480 in·-

177 515 424 572 noxiam
458 509 723 596 serpentis
765 508 1135 596 prudentiam
1168 565 1186 592 ‚
1228 516 1429 597 vtique
1475 507 1787 576 laudatissi-

177 628 344 669 mam
369 661 387 688 ‚
417 613 668 671 retinere.
801 631 890 671 uae
921 607 1226 694 prudentia
1256 614 1545 695 ceteroqui
1575 607 1649 675 ab
1674 609 1786 674 ho-

174 707 338 766 mine
362 701 704 768 Christiano
726 703 978 768 seruatur
1003 702 1258 769 maxime
1278 759 1295 786 ,
1321 705 1467 769 dum
1492 731 1695 794 corpus
1723 720 1783 772 δέ

171 798 435 865 fortunas
463 801 583 865 suas
616 807 852 888 exponit
879 828 892 864 ε
935 798 1057 889 quo
1089 808 1168 866 ita
1193 801 1402 866 deinde
1438 827 1610 889 caput
1633 859 1651 886 ‚
1677 812 1782 892 qui

172 895 438 962 Christus
462 898 560 981 est,
587 893 816 987 eiusque
839 896 979 964 fides
1004 899 1427 964 conseruentur.
1457 898 1668 966 Obiter
1688 908 1780 966 in-

170 987 521 1061 finuauerim
548 1051 564 1078 ,
591 992 727 1060 cum
751 1002 812 1059 in
839 1002 1008 1060 icone
1030 1002 1287 1084 Virginis
1315 1002 1631 1085 Conceptae
1654 997 1782 1064 abs-

168 1115 283 1176 que
307 1099 543 1182 originis
568 1093 773 1158 nostrae
797 1091 1028 1158 macula
1050 1149 1068 1176 ,
1101 1093 1319 1181 serpens
1346 1100 1619 1182 pingatur
1641 1151 1659 1177 ,
1686 1104 1781 1160 in-

167 1183 378 1253 sidians
405 1189 677 1255 calcaneo
701 1197 816 1255 eius
843 1245 861 1273 ,
894 1216 1018 1256 non
1050 1198 1303 1255 omnino
1328 1191 1648 1280 incongrue
1672 1199 1777 1258 Vi-

165 1309 232 1348 ro
253 1340 272 1368 ,
308 1293 412 1373 qui
451 1289 532 1353 est
565 1286 595 1352 ὲ
626 1286 897 1375 peculiari
917 1285 1199 1353 Sodalitio
1237 1287 1491 1352 eiusdem
1515 1294 1781 1379 Virginis-

163 1387 243 1446 ita
268 1388 584 1474 Conceptae
609 1439 626 1467 ‚
664 1410 770 1472 pro
809 1383 1095 1474 Symbolo
1131 1385 1451 1473 serpentem
1477 1385 1639 1451 dati:
1678 1388 1778 1454 sed>

160 1487 495 1546 venientem
519 1507 738 1562 tamen,
761 1505 824 1548 vt
845 1507 1138 1549 venenum
1164 1507 1344 1570 ponat
1368 1518 1383 1563 ·‚
1408 1509 1531 1547 non
1554 1509 1770 1568 autem,

161 1602 224 1645 vt
246 1583 497 1666 Virgini,
523 1602 623 1644 aut
646 1579 852 1644 semini
875 1586 992 1643 eius
1018 1576 1333 1645 insidietur.

252 1676 353 1740 Ad
377 1675 499 1740 haec
523 1677 819 1741 Bernardo
841 1675 1143 1753 Candido,
1169 1683 1312 1742 item
1333 1679 1768 1760 Amicossoda-

157 1768 201 1837 Ii
226 1771 536 1838 Parthenio
553 1829 570 1856 ,
594 1771 984 1838 Iureconsulto
1002 1829 1020 1857 ,
1048 1786 1107 1839 &
1127 1782 1230 1863 qui
1255 1775 1454 1859 Leodij
1483 1776 1564 1840 est
1587 1803 1653 1839 ex
1676 1777 1768 1841 su'-

92 1904 99 1913 ·
154 1895 367 1958 premae
390 1871 621 1937 Iustitiae
645 1869 923 1936 tribunali
946 1927 964 1954 ‚
1004 1870 1138 1937 cum
1165 1869 1232 1938 fit
1259 1871 1289 1936 ὲ
1315 1871 1595 1938 Sodalitio
1621 1880 1763 1938 Dei-

153 1993 303 2055 parae
338 1976 399 2034 in
425 1967 632 2034 caelum
657 1968 978 2057 Assumptae
1004 2024 1017 2049 ,
1057 1968 1245 2036 obtuli
1267 1971 1383 2036 hoc
1407 1968 1565 2037 aliud
1592 1978 1762 2059 Sym-

152 2062 402 2147 bolum3
440 2092 654 2155 nempe
686 2065 1061 2156 Regaliolum
1086 2123 1104 2150 ,
1144 2067 1238 2132 seu
1272 2073 1494 2159 Regem
1531 2076 1757 2146 auium,

153 2170 254 2249 qui
281 2164 353 2228 ad
371 2163 656 2252 Aquilam
687 2188 777 2230 eat
800 2221 818 2248 ,
848 2165 993 2229 dum
1019 2162 1130 2229 alas
1163 2163 1260 2230 illa
1282 2165 1513 2253 expedit
1537 2221 1554 2247 ,
1592 2164 1757 2253 supra

151 2257 332 2325 nubes
358 2316 376 2344 ‚
400 2258 600 2326 volatu
631 2259 1038 2327 secundissimo
1061 2317 1079 2345 ,
1119 2269 1266 2328 itura
1293 2299 1308 2342 3
1346 2289 1482 2327 cum
1507 2263 1621 2327 hoc
1652 2264 1757 2329 ad-

148 2356 361 2444 scripto
383 2356 677 2442 lemmate,
700 2366 757 2424 V
775 2382 815 2424 T
857 2383 901 2423 A
920 2385 944 2423 s
969 2385 1002 2424 s-
1016 2383 1054 2424 v
1074 2383 1126 2424 M
1147 2383 1189 2424 A
1210 2381 1269 2425 R.
1297 2367 1553 2450 Virginis
1578 2367 1756 2426 nimi-

150 2479 282 2521 rum
307 2481 418 2543 ope
442 2456 515 2521 ad
532 2461 754 2539 Deum,
782 2469 842 2521 δε
858 2457 928 2521 ad
953 2464 1194 2545 Superos
1220 2458 1396 2547 speret
1420 2459 1471 2523 se
1496 2458 1754 2546 perinde,

151 2549 310 2618 velut
333 2551 567 2642 Aquilae
590 2551 689 2619 alis
714 2608 733 2635 ,
757 2552 1218 2642 prouolaturum.

1559 2670 1750 2716 Luam
