2201 3011
398 158 563 243 322‘
654 179 768 234 DE
832 180 1305 238 sYMssoLrs
1361 184 1820 240 HERo1c1s·

393 284 598 349 debere
621 314 633 349 ε
666 284 1017 354 &illustrem
1043 290 1195 355 hanc
1218 293 1339 355 fore
1357 346 1374 372 ,
1403 287 1445 354 fi
1469 318 1533 354 ea
1558 288 1779 355 illustris
1798 292 1981 356 fucrit.

392 378 638 469 Alioqui
676 383 802 447 satis
829 384 1092 475 intelligo
1116 387 1312 474 Jpoffe
1345 386 1702 451 transsationi
1727 386 1896 451 foeda:
1921 414 1986 452 ac

395 476 587 542 minus
636 480 887 544 honestae
935 482 1212 547 animalia
1256 483 1460 547 eadem
1505 482 1843 548 subseruire.
1901 489 1988 548 Ita

391 577 794 660 praefationem
834 584 1093 665 ineptam
1120 587 1286 644 Vnius
1312 635 1330 662 ,
1370 587 1471 666 qui
1515 580 1689 644 theses
1724 577 2021 644 Philoso?

389 671 585 757 phicas
619 671 851 759 publice
868 676 1280 763 proposuerat,
1308 689 1365 740 δε
1390 683 1491 762 qui
1515 683 1575 739 in
1602 674 1718 740 fine
1747 701 1987 764 rogaue-

393 791 477 832 rat
504 823 522 850 ,
557 792 624 833 vt
654 766 695 833 sl
719 772 941 834 fortasse
979 772 1239 838 scarabaei
1280 771 1460 860 aliqui
1499 772 1603 836 effe
1636 780 1696 836 in
1733 769 1986 837 thesibus

392 862 697 952 propositis
727 866 1054 932 viderentur
1076 924 1094 950 ,
1119 896 1213 933 eos
1251 874 1462 958 ingenij
1501 876 1766 934 acumine
1798 870 1991 934 Audi-

394 986 540 1025 tores
560 988 951 1052 expungerent
964 999 985 1036 ,-
1013 971 1111 1047 ita,
1133 974 1379 1052 inquam
1394 1020 1414 1046 ,
1438 991 1567 1029 eam
1591 967 1987 1053 praefationem

398 1066 618 1145 excepit
641 1060 755 1123 hoc
779 1067 912 1124 ioco
937 1059 1075 1126 alius
1091 1112 1110 1138 ,
1143 1070 1244 1150 qui
1263 1069 1483 1150 primus
1500 1086 1627 1126 'erat
1650 1061 1991 1150 disceptatu-

400 1181 510 1220 rus:
540 1155 846 1232 Scarabaeus,
865 1183 1010 1245 quem
1033 1184 1112 1247 ego
1136 1164 1311 1248 ingenij
1335 1163 1429 1221 mei
1443 1163 1663 1222 acumine
1691 1180 1988 1248 expungam,

400 1256 523 1315 iacet
560 1256 611 1314 in
629 1253 940 1343 sterquilinio
986 1283 1020 1319 x
1041 1284 1059 1319 1
1081 1284 1136 1323 v.
1189 1283 1325 1321 nam
1366 1262 1481 1320 eius
1513 1263 1741 1320 numeri
1781 1252 1991 1322 thefim

397 1350 664 1414 statuerat
686 1377 1039 1438 oppugnare.

529 1452 888 1534 Ceteroquin
912 1448 1170 1514 scarabaei
1208 1444 1449 1513 annulos
1475 1503 1493 1530 ,
1530 1448 1784 1514 thoraces
1810 1505 1828 1532 ,
1876 1446 1994 1539 cly-

406 1569 539 1632 peos
566 1599 584 1626 ,
611 1541 790 1633 galeas
809 1598 828 1626 ,
853 1543 1060 1610 vexilla
1097 1551 1340 1610 Ducum
1379 1557 1436 1610 δε
1472 1543 1728 1610 militum
1754 1545 1992 1634 implere

409 1640 637 1729 possunt
665 1636 896 1705 heroica
921 1640 1353 1729 pulchritudine
1381 1669 1446 1705 ac
1470 1642 1746 1729 dignitate
1771 1694 1783 1706 .
1830 1649 1997 1707 Con-

168 1709 492 1825 Zlfflffsstra
513 1735 603 1804 vel
630 1737 846 1802 Paridis
884 1736 1066 1828 lyram
1085 1736 1410 1804 Alexander
1439 1740 1698 1827 Magnus
1735 1737 1997 1804 oblatam

407 1835 682 1899 recusauit
721 1870 735 1914 3
782 1846 841 1900 &
886 1835 1169 1901 iudicauit
1208 1835 1438 1900 donum
1477 1835 1723 1900 minime
1752 1833 1998 1900 offeren-

405 1932 554 1998 dum
574 1931 808 1996 strenuo
831 1938 988 1997 Duci
1013 1935 1115 1996 effe
1139 1940 1443 1999 amatorias
1468 1930 1626 1996 fides.

522 2025 638 2093 Etsi
661 2026 797 2095 vero
823 2029 1015 2093 isthaec
1036 2027 1308 2094 animalia
1331 2030 1461 2092 sunt
1484 2029 1710 2115 aspectu
1745 2027 1999 2111 horrida,

414 2148 612 2189 tamen
637 2133 697 2189 in
723 2125 948 2213 pictura
976 2123 1261 2190 delectant
1298 2162 1313 2206 3
1355 2137 1413 2190 ὃς
1450 2125 1561 2189 hoc
1605 2127 1742 2189 facit
1783 2123 2002 2189 lenoci-

415 2229 583 2286 nium
609 2229 737 2286 artis
755 2276 773 2304 ‚
799 2223 891 2286 seu
915 2229 1288 2287 imitationis:
1317 2248 1443 2310 quae
1468 2222 1736 2286 monstris
1769 2247 2004 2309 quoque

416 2318 708 2405 aspectum
746 2316 1010 2383 nobilem
1035 2347 1099 2383 ac
1120 2317 1313 2384 laetam
1337 2320 1548 2385 faciem
1572 2317 1819 2384 tribuere
1843 2315 1999 2383 solet.

509 2415 708 2503 Qod
727 2421 786 2478 in
806 2440 927 2480 rem
953 2417 1211 2480 nostram
1231 2417 1384 2480 facit:
1407 2414 1918 2504 quemadmodum
1942 2421 2004 2479 in

414 2507 584 2602 signis
613 2510 927 2577 Gentilitiis
952 2510 1309 2579 familiarum
1327 2510 1518 2578 leones
1539 2535 1637 2576 aut
1660 2515 1833 2576 etech
1853 2510 2006 2592 sunt,

1949 2618 2009 2672 &
