2201 3011
387 192 542 260 240
642 189 758 245 DE
824 187 1291 245 SYMBOLIS
1347 179 1806 242 HEROZCIS

383 303 558 377 catiO,
584 290 626 358 fi
649 294 944 360 Achillem
982 301 1108 382 quis
1133 301 1390 384 pingeret
1406 348 1424 374 ,
1471 290 1617 354 dum
1656 313 1841 377 raptat
1862 294 1987 354 He-

384 389 910 503 &oreimidemque
932 391 1083 455 hosti
1107 391 1209 454 suo
1231 397 1563 454 minaretur:
1595 388 1982 474 hiqinqmm,

383 491 616 555 Auctor
641 488 839 568 censet,
846 496 970 554 vim
995 485 1285 575 probandi
1310 499 1367 550 ὃς
1393 483 1671 550 suadendi
1696 481 1980 571 exemplis

386 608 511 648 non
538 585 1024 672 deesse,quantam
1050 583 1138 647 ad
1147 588 1401 646 Hero’i'ca
1425 577 1707 669 Symbola
1730 587 1982 668 Scripto-

385 703 469 745 res
491 678 582 764 alij
608 688 926 768 requirunt.
953 685 1119 743 Nam
1142 685 1240 760 ait,
1261 678 1546 742 humanas
1572 701 1676 757 reS,
1681 671 1778 740 etfi
1803 674 1983 741 libere

382 800 693 865 geruntur,
719 777 956 841 euadere
978 773 1371 840 immutabiles
1396 800 1461 838 ac
1484 772 1804 838 necessarias
1828 773 1983 861 post-

383 898 566 960 quam
585 875 749 963 gestae
775 874 920 939 sunt.
942 873 1086 938 Sed
1073 877 1463 959 interpretatio
1485 870 1627 952 haec,
1634 865 1673 932 fi
1698 870 1985 958 expenda-

382 992 477 1035 tur
500 972 572 1036 ad
599 969 994 1058 Philosophiae
999 976 1301 1045 trutinam,
1318 964 1508 1032 nihilo
1533 964 1656 1055 plus
1681 966 1983 1079 consequi-

382 1089 680 1156 umquam
705 1093 831 1156 quae
854 1074 934 1132 ita
958 1089 1249 1157 geruntur,
1273 1092 1340 1129 ea
1361 1061 1551 1129 nihilo
1569 1060 1692 1152 plus
1718 1071 1982 1129 contine-

380 1186 440 1228 re
464 1160 643 1252 quam
669 1188 875 1229 verum
899 1170 1261 1253 contingens3
1280 1175 1338 1228 ὃ(
1356 1158 1490 1227 ideo
1514 1158 1788 1250 exemplis
1807 1161 1985 1227 deesse

380 1261 684 1325 fortiorem
708 1258 964 1351 aliquam
987 1267 1113 1326 vim
1132 1260 1207 1324 ad
1230 1258 1690 1348 persuadendum
1714 1286 1727 1323 ε
1756 1256 1984 1326 tametsi

382 1353 623 1422 Protafis
649 1364 708 1423 in
736 1364 811 1422 eis
838 1381 973 1423 vera
997 1357 1217 1445 superet
1237 1362 1528 1444 ceteroqui
1545 1352 1983 1444 Apologosffla-

378 1451 605 1520 rabolas
634 1508 649 1535 ,
675 1467 734 1520 &
759 1452 1216 1544 Hieroglyphica
1231 1509 1249 1536 ,
1271 1459 1331 1517 in
1357 1450 1569 1542 quibus
1597 1450 1735 1516 ficita
1756 1507 1777 1535 ,
1807 1481 1981 1519 com-

375 1558 673 1629 mentitia,
701 1563 759 1616 &
785 1558 1052 1640 proxima
1074 1557 1218 1617 veris
1245 1547 1431 1615 solum
1457 1545 1790 1614 efferuntur.

471 1649 707 1714 Deinde
724 1646 972 1737 exempli
997 1645 1233 1713 alicuius
1256 1643 1614 1723 Protafisjvel
1637 1646 1711 1712 ab
1732 1646 1981 1714 homine

379 1743 650 1833 peculiari
675 1744 932 1812 sumetur
952 1778 972 1818 ,-
999 1757 1058 1811 &
1082 1769 1213 1810 tum
1230 1751 1430 1833 ‘Scipio
1457 1741 1752 1833 Bargalius
1778 1752 1858 1810 ait
1880 1771 1982 1810 ne-

376 1842 668 1907 cessariam
687 1844 807 1908 fore
824 1843 1229 1933 syngrapham,
1255 1868 1383 1930 quae
1407 1837 1708 1929 fignificet‚
1733 1841 1980 1910 Achillis

378 1944 580 2028 imago
606 1937 673 2005 sit
697 1966 768 2004 an
796 1938 1132 2020 Alexandri,
1157 1938 1249 2005 vel
1274 1940 1530 2005 sumetur
1560 1947 1880 2030 generatim
1904 1940 1981 2009 ab

375 2034 499 2123 ipsa
523 2035 724 2101 natura
746 2038 1006 2102 hominis
1024 2092 1041 2120 ,
1066 2036 1446 2150 exprimendo
1469 2062 1536 2100 ea
1559 2062 1686 2125 quae
1709 2037 1840 2103 sunt
1862 2046 1981 2105 cui-

370 2140 463 2196 uis
489 2133 725 2199 homini
749 2141 1114 2218 communia,
1118 2142 1200 2202 vti
1223 2132 1452 2202 vultum
1478 2133 1728 2201 sublime
1746 2134 1979 2223 habere,

378 2229 672 2308 disscrere,
703 2257 767 2296 ac
792 2239 1162 2297 ratiocinari:
1193 2244 1252 2296 &
1271 2255 1411 2297 tunc
1432 2258 1466 2296 a
1489 2231 1668 2298 semet
1691 2233 1981 2303 deriuabit

375 2329 835 2401 similitudinem
839 2334 1107 2425 Symboli
1135 2340 1402 2419 Au&or;
1441 2332 1502 2401 fi
1497 2337 1749 2426 quidem
1786 2337 1979 2406 homo

376 2441 477 2519 est,
498 2450 556 2503 δε
579 2437 879 2504 humani
852 2467 884 2504 a
907 2440 959 2503 se
982 2437 1135 2505 nihil
1156 2439 1412 2506 alienum
1437 2465 1620 2530 putat
1653 2445 1840 2529 Atqui
1863 2442 1979 2508 hoc

376 2542 502 2610 fieri
521 2549 760 2633 nequit:
788 2569 932 2610 nam
950 2598 970 2627 ,
990 2566 1054 2611 vt
1084 2539 1343 2634 loquitur
1359 2550 1538 2613 Lucas
1550 2541 1816 2620 Contile,
1841 2571 1978 2611 cum
2044 2602 2060 2621 .
2102 2603 2107 2615 .

1732 2638 1979 2707 homine
