2201 3011
516 169 852 225 LIBER
936 164 1447 221 TERTIVS.
1566 184 1572 217 .·
1694 161 1794 227 97

181 277 456 344 horarum
481 277 819 342 characteres
846 307 861 352 ·,
899 283 956 335 &
981 278 1040 335 in
1065 278 1178 335 eius
1203 270 1401 334 medio
1426 266 1492 334 fit
1516 262 1746 332 caueola
1770 319 1789 347 ,

185 401 319 439 cum
345 401 449 439 acu
474 369 810 462 magnetica.
862 374 1005 433 Haec
1028 394 1177 449 πως,
1203 373 1433 456 agmine
1456 360 1704 430 tremulo
1730 374 1790 426 ὃς

185 470 423 535 sollicito
456 470 627 534 suum
651 490 862 556 quaeret
900 462 1048 530 fidus
1072 519 1090 545 ,
1122 465 1330 528 horam
1352 460 1489 528 vero
1516 458 1792 525 indicabit

185 565 394 633 vmbra
417 567 672 631 staminis
697 619 714 647 ,
740 562 903 651 quod
925 569 987 627 in
1011 559 1235 626 claustri
1257 557 1466 625 ostiolo
1489 557 1754 623 tendetur
1776 605 1790 618 .

185 661 502 728 Claudetur
525 664 655 728 dein
681 656 923 726 annulus
947 714 967 742 ,
1011 683 1074 725 vt
1094 659 1229 723 foris
1254 664 1315 722 in
1337 683 1406 722 eo
1430 662 1604 721 etiam
1630 678 1792 744 gem-

188 786 287 825 ma
308 759 536 849 fulgeat.

300 855 462 922 Alter
498 851 739 921 annulus
773 859 851 923 ita
886 858 947 916 in
983 850 1037 916 se
1060 846 1456 940 Horologium
1492 846 1699 928 habet,
1726 871 1794 913 vt

183 950 439 1018 subfidio
461 958 739 1043 magnetis
763 976 883 1016 non
908 972 1084 1039 egeat:
1103 973 1287 1034 neque
1311 953 1468 1011 enim
1491 953 1542 1009 ei
1565 971 1697 1010 cum
1724 939 1794 1006 si-

186 1050 316 1114 dere
339 1048 452 1114 alio
472 1105 489 1132 ‚
544 1046 724 1138 qudm
761 1074 897 1114 cum
935 1044 1060 1112 Sole
1083 1101 1100 1128 ,
1125 1051 1430 1135 negotium
1457 1041 1753 1107 intercedit
1778 1093 1791 1106 .

187 1145 365 1213 Porro
391 1146 721 1213 describitur
742 1146 851 1211 hac
875 1168 1003 1210 arte.
1049 1140 1245 1208 Primo
1269 1140 1546 1208 elementa
1583 1146 1790 1227 priora,

183 1243 322 1309 hinc
359 1270 563 1309 eorum
600 1239 891 1309 menfium
935 1248 1037 1329 qui
1061 1241 1135 1305 ad
1159 1238 1472 1306 Solstitium
1510 1235 1543 1302 zi
1573 1236 1793 1303 Brumz'i

182 1347 582 1418 intercurrunt,
605 1365 816 1427 nempe
836 1342 1104 1422 Ianuarij,
1131 1337 1433 1423 Februarij,
1458 1338 1682 1417 Martij,
1705 1337 1799 1402 A-¹

184 1435 337 1526 prilis
355 1494 373 1521 ,
396 1439 544 1521 Maij
566 1493 584 1520 ,
609 1450 667 1503 &
690 1441 837 1521 Iunij
867 1472 882 1517 ·‚
906 1432 1063 1500 illinc
1086 1430 1374 1500 mensium
1399 1432 1664 1513 aliorum,
1689 1436 1793 1517 qui

183 1534 257 1598 ad
279 1541 560 1599 Brumam
582 1531 615 1599 ὲ
638 1531 887 1598 Solstitio
910 1556 1065 1613 eunt,
1081 1529 1341 1599 Videlicet
1361 1527 1793 1617 Iulij‚Augusti‚

187 1629 530 1718 Septembris
548 1685 566 1713 ,
591 1629 869 1696 Octobris
883 1685 901 1711 ,
925 1627 1286 1693 Nouembris
1299 1683 1317 1710 ,
1345 1640 1403 1691 δε
1430 1623 1802 1706 DecembriS,

187 1725 572 1792 describantur
593 1726 795 1790 ordine
819 1725 940 1807 su0‚
970 1725 1134 1812 supra
1163 1721 1552 1812 hemicyclum
1593 1717 1791 1784 annuli

186 1848 509 1886 connexum
533 1874 546 1885 .
599 1828 667 1886 In
689 1819 1012 1910 hemicyclo
1037 1821 1170 1885 dein
1200 1846 1456 1886 concauo
1490 1818 1518 1883 ὲ
1556 1824 1790 1907 regione

185 1914 295 1983 fint
328 1918 603 1984 horarum
640 1918 980 1983 characteres
1005 1972 1023 1999 ,
1048 1930 1107 1981 &
1131 1918 1269 1983 hinc
1291 1917 1532 2004 quidem
1556 1940 1786 2003 progre-

185 2014 399 2080 diendo
444 2039 527 2082 iv.
567 2038 627 2080 v.
665 2038 756 2080 vr.
795 2038 914 2082 vn.
953 2037 1105 2080 VIII.
1148 2037 1240 2078 1x.
1267 2036 1601 2079 X.X1.X11.
1628 2010 1786 2076 illinc

187 2135 377 2175 autem
421 2112 793 2200 regrediendo
813 2167 830 2194 ‚
860 2111 955 2175 sed
999 2112 1146 2175 infra
1186 2109 1456 2176 vltimam
1499 2106 1786 2190 notulam,

188 2228 230 2269 Ι.
258 2230 333 2270 11.
376 2230 479 2270 111.
508 2231 592 2274 1v.
619 2231 933 2275 v.V1.V11.
960 2230 1111 2274 V111.
1138 2205 1404 2272 Praeterea}
1432 2233 1553 2295 pars
1579 2231 1790 2271 conue-

185 2328 254 2366 xa
299 2298 584 2368 fiffionem
627 2327 857 2370 tenuem
901 2302 1143 2387 habeat,
1168 2300 1340 2393 eac'lue
1370 2304 1608 2368 ducatur
1644 2310 1789 2367 inter

186 2396 475 2464 menfium
518 2423 819 2487 Vtramque
860 2402 1058 2466 seriem
1082 2452 1093 2464 .
1169 2405 1326 2466 Huic
1369 2399 1506 2468 vero
1551 2396 1787 2465 circulus

186 2492 323 2563 alius
347 2494 500 2564 exilis
538 2523 602 2564 ac
624 2494 849 2562 ductilis
873 2505 950 2564 ita
973 2505 1433 2584 circumponatur
1454 2552 1472 2581 2
1497 2522 1559 2565 vt
1592 2504 1652 2561 in
1691 2491 1793 2557 illo

1180 2598 1248 2659 N
1617 2597 1790 2658 etiam
