2201 3011
738 167 1078 213 INDEX

286 239 553 283 Litterarum
564 232 855 281 humaniorum
865 239 969 292 laus,
985 237 1010 284 εὶ
1022 255 1096 301 pa-

347 297 451 362 ginzi
465 315 516 355 4¹
531 317 570 346 2.
587 302 631 344 δε
644 298 866 363 deinceps.

286 366 506 407 Lemmata
518 365 606 420 stne
628 364 774 425 figuris
792 399 807 421 ,
832 363 857 408 ὁ.
880 380 978 429 pag.
1000 370 1095 424 176.

350 424 486 487 vsque
505 423 559 470 ad
587 442 602 470 1
614 429 636 471 8
645 442 683 486 5.

284 491 460 533 Lemma
474 489 612 546 solum
635 506 712 533 non
724 489 879 550 sufficit
898 491 957 536 ad
971 496 1095 554 Sym-

347 550 438 597 bola
452 553 649 597 Heroica.
882 559 980 610 184.
994 572 1008 600 1
1022 559 1044 601 8
1055 572 1094 615 5.

346 631 401 658 an
423 617 482 674 fit
509 619 650 659 anima
684 616 717 658 S
707 613 866 679 ymboli
902 621 959 663 H
958 623 1091 663 eroici.

407 694 422 723 1
435 696 458 735 9
471 693 502 735 3·
525 694 540 722 1
552 694 626 737 94·

346 740 611 803 debetfigurae
623 740 881 799 conuenire,z*1
894 759 1089 806 pag-142.

401 803 538 866 vsque
550 803 604 849 ad
622 823 637 850 1
647 811 720 863 46.

344 881 509 930 tangere
526 870 750 930 Apodofim
769 886 845 915 non
860 867 978 914 debet
990 905 1004 926 ‚
1025 871 1099 927 nist

395 945 471 994 per
488 933 725 991 allusionem.
879 938 978 989 376.
991 949 1087 991 577.

344 998 428 1039 eius
441 995 664 1058 multiplex
674 996 809 1056 allusio
820 1031 832 1049 ,
846 992 871 1040 εἶ
883 1012 981 1060 pag.
994 1011 1092 1056 370.

411 1055 545 1120 vsque
556 1057 611 1105 ad
629 1064 725 1118 376.

345 1122 543 1166 viuidum
556 1123 628 1182 effe
643 1123 774 1169 debet.
991 1128 1073 1180 560
1083 1158 1092 1168 .

343 1201 471 1248 quam
489 1185 694 1238 admittat
703 1186 1092 1248 difflonemfigura-

397 1262 496 1300 tam,
513 1247 536 1293 εὶ
551 1265 647 1312 pag.
660 1255 758 1307 560.
775 1245 909 1311 vsque
921 1249 974 1295 ad
994 1255 1091 1311 365.

320 1327 394 1356 ›an
421 1311 533 1374 poffit
554 1315 628 1372 effe
656 1317 729 1358 M
726 1312 1007 1375 etaphoricum
1026 1348 1041 1370 ,
1068 1313 1093 1359 εὶ

395 1391 492 1437 pag.
506 1390 604 1435 577.
622 1373 755 1439 Vsque
767 1374 820 1420 ad
842 1380 938 1432 382.

338 1437 557 1499 obscurum
574 1439 647 1499 effe
670 1456 748 1484 non
759 1437 877 1484 debet
890 1474 902 1491 ,
925 1438 950 1485 εὶ
971 1441 1094 1503 pagi-

396 1501 454 1548 na
474 1501 718 1566 388.vsque
734 1500 788 1547 ad
807 1517 907 1560 595.

324 1565 461 1611 debet
480 1565 552 1625 effe
575 1580 810 1622 moratum,
838 1564 862 1610 εὶ
886 1581 1091 1628 pag.347.

406 1627 540 1692 vsque
552 1628 607 1675 ad
628 1645 676 1690 35
690 1645 726 1688 3.

339 1708 415 1737 non
429 1693 615 1753 otiosum.
678 1757 685 1763 ι
778 1707 871 1751 555.
883 1708 900 1750 5
914 1708 1009 1751 54.5
1025 1709 1089 1755 35.

338 1761 465 1801 etiam
481 1756 700 1821 particulis
711 1759 837 1818 otioſss
850 1763 894 1801 in
915 1773 955 1799 eo
967 1757 1092 1817 absti-

403 1821 596 1867 nendum.
878 1825 1086 1878 557.558.

340 1882 462 1936 breue
477 1883 549 1945 effe
563 1896 733 1946 oportet.
884 1899 900 1941 5
915 1899 931 1942 5
947 1902 980 1928 2.
993 1900 1010 1941 5
1023 1900 1039 1942 5
1053 1900 1091 1943 3.

342 1964 425 2009 qua
447 1961 628 2012 tempora
641 1983 655 2004 ,
681 1951 732 1996 ὤ·
744 1962 842 2008 quos
862 1947 998 1992 modos
1010 1949 1090 1992 ad-

404 2015 577 2066 mittat,
603 2010 628 2056 εὶ
651 2026 777 2077 pag-3
788 2025 856 2072 53.
879 2008 1014 2073 Vsque
1034 2010 1091 2056 ad

414 2079 511 2135 356.

340 2155 397 2184 an
433 2137 636 2183 admittat
676 2140 853 2203 poeticos
886 2153 1089 2186 numeros.
1136 2167 1145 2177 ‚

339 2282 394 2312 an
401 2206 699 2329 {lissgfboffit
715 2282 767 2310 ex
778 2268 917 2312 Poetis
930 2269 982 2316 (ῥ’
992 2267 1090 2311 aliis

394 2328 685 2393 Scriptort'bus.
772 2334 820 2387 58
834 2345 867 2385 5.
881 2335 978 2387 384.
991 2336 1087 2391 38-5.

339 2410 417 2456 quo
430 2393 621 2437 idiomate
633 2391 778 2440 debeat
792 2392 945 2453 efferri.
983 2410 1034 2453 39
1043 2412 1082 2440 2.

278 2471 457 2566 Laeuii?
465 2471 728 2590 {ldjcitjllinm
743 2516 885 2577 Vide,
904 2521 939 2564 C
942 2518 1086 2566 lande-

331 2583 456 2646 stina.

1176 167 1523 217 RERVM

1152 244 1276 286 Lotos
1297 239 1423 287 herba
1441 258 1537 287 cum
1549 240 1637 303 sole
1656 243 1846 306 erigitur..
1865 247 1961 302 360.

1249 308 1273 349 6
1285 321 1299 350 1
1310 335 1321 347 .

1152 319 1270 412 [ΜΞ-ιε
1286 370 1394 411 Pitti
1408 365 1660 429 Symbolum.
1865 384 1881 412 1
1893 372 1963 414 86.

1152 434 1346 475 Lucerna
1359 431 1570 489 versatilis
1583 431 1849 490 deftribituri
1913 449 1957 488 7.

1152 497 1353 539 Lucretia
1366 497 1549 538 Romana
1562 494 1741 555 historia.
1858 511 1882 540 2
1894 509 1962 550 34.

1151 556 1361 602 Ludouici
1375 558 1447 601 VI
1447 559 1580 619 ..Regis
1596 561 1829 605 Galliarum
1842 561 1874 600 S
1864 574 1967 620 ym-

1217 620 1369 665 bolum.
1854 638 1876 665 2
1887 637 1907 679 5
1918 637 1961 677 9.

1154 683 1362 728 Ludouici
1388 685 1502 727 XII.
1544 686 1668 749 Regis
1706 684 1966 729 Galliarum,

1207 745 1412 811 Symbola.
1778 751 1834 792 26
1842 750 1963 792 .260.

1153 810 1364 854 Ludouici
1380 807 1624 854 Cardinalis
1637 808 1823 873 Borbonq
1839 814 1871 853 S
1861 826 1965 874 ym-

1217 872 1322 918 bola.
1860 889 1959 931 507.

1152 939 1280 981 Luna
1294 938 1410 980 cuius
1423 937 1550 996 reisit
1566 935 1820 1001 Symbolum.
1859 952 1876 994 5
1888 953 1962 997 50.

1150 1014 1298 1126 Lu3p7u35
1315 1015 1631 1126 }ratitudinem
1650 1063 1777 1124 suam
1810 1061 1965 1108 homini

1214 1127 1411 1171 testatur.
1862 1142 1921 1183 24
1927 1142 1968 1187 5.

1147 1192 1293 1253 Lupus
1314 1206 1465 1252 equum
1484 1190 1623 1251 morsie
1643 1189 1785 1237 reddit
1798 1206 1966 1253 genero-

1229 1270 1314 1297 um.
1858 1271 1883 1300 2
1950 1283 1964 1296 ·

1147 1254 1348 1376 Ligs'einia
1368 1322 1566 1363 nutritur
1588 1317 1830 1364 vermiculis
1851 1268 1964 1361 mitis

1209 1383 1254 1423 in
1257 1380 1450 1441 furfure.
1848 1395 1905 1436 43
1915 1397 1969 1443 9.ἣ

1148 1445 1300 1488 Luxus
1312 1443 1367 1506 est
1379 1461 1441 1490 res
1455 1443 1637 1505 fi’ruilie.
1884 1447 1958 1502 87.

1513 1543 1585 1587 M.

1306 1628 1477 1676 Achina
1497 1627 1721 1675 molendini
1750 1630 1866 1674 cuius
1899 1628 1962 1672 rei

1367 1693 1691 1758 Symbolumfit.
1847 1709 1877 1749 4
1888 1707 1903 1749 5
1917 1708 1933 1737 1
1943 1726 1955 1738 .

1147 1757 1368 1802 Machina
1389 1774 1440 1803 ex
1452 1771 1566 1803 motu
1585 1773 1696 1820 aqua
1712 1760 1961 1820 pecuniam-³

1197 1823 1380 1883 signans.
1851 1836 1883 1876 4
1892 1834 1943 1877 37
1951 1850 1962 1862 .

1148 1885 1400 1929 Maecenatis
1415 1899 1519 1928 rana
1531 1887 1574 1928 in
1586 1883 1755 1930 annulo.
1853 1890 1957 1930 260.

1148 1951 1428 2010 Magnanimi
1447 1948 1608 2009 aliquot
1624 1947 1799 2008 Caesares
1822 1962 1962 1991 recen-

1195 2012 1267 2071 sbn
1273 2026 1358 2056 tur.
1885 2027 1907 2056 2
1918 2025 1956 2068 3.

1146 2078 1428 2136 Magnanimi
1439 2074 1499 2120 essi
1520 2071 1743 2119 condonare
1763 2075 1958 2119 iniurias.

1209 2137 1317 2184 ibid.

1146 2203 1491 2266 Magnanimitas
1505 2201 1756 2264 explicatur.
1844 2199 1955 2247 ibid.

1144 2268 1372 2327 Magnetis
1394 2266 1461 2309 vis
1480 2281 1534 2308 an
1559 2266 1744 2326 conferat
1761 2265 1819 2310 ad
1839 2265 1958 2309 locu-

1199 2333 1346 2373 tionem
1360 2327 1654 2388 clandestinam
1666 2364 1681 2385 ,
1706 2326 1731 2372 εὶ
1746 2345 1838 2393 pag.
1852 2343 1952 2388 143.

1199 2388 1334 2454 Vsque
1343 2390 1398 2437 ad
1416 2396 1514 2448 148.

1143 2456 1504 2517 Malogranatum
1517 2472 1594 2500 cur
1604 2455 1703 2499 olim
1717 2468 1808 2501 erat
1818 2457 1953 2500 Mer-

1202 2522 1316 2563 curio
1323 2519 1508 2578 sacrum.
1847 2535 1872 2564 2
1883 2534 1895 2562 ι
1906 2534 1951 2574 7.

1139 2582 1301 2627 Malus
1323 2586 1397 2628 vir
1431 2584 1493 2627 est
1521 2583 1658 2629 instar
1688 2584 1808 2628 venti
1827 2579 1953 2650 vehe-

1786 2655 1950 2691 mentio·-
