2201 3011
479 181 820 237 LIBER
904 179 1422 237 TERTIVS.
1657 168 1746 234 89

269 284 441 353 Certe
483 288 637 376 apud
672 285 1058 377 Pythagoram
1095 283 1441 376 Symbolum
1476 281 1750 347 seruitutis

157 382 397 448 annulus
421 409 572 462 erat3
609 407 775 470 atque
803 383 915 448 hoc
936 382 1026 448 ille
1048 384 1272 449 videtur
1293 379 1527 446 voluisse
1550 386 1752 441 innue-

157 505 212 542 re
232 533 251 559 ,
296 479 440 544 dum
463 485 641 545 vetuit
663 533 682 560 ,
724 504 797 542 ne
817 487 942 567 quis
982 485 1203 544 are'tum
1242 474 1522 541 annulum
1545 476 1708 537 ferret
1734 501 1748 535 :

154 570 312 661 quasi
337 588 394 639 &
416 575 548 663 ipse,
565 598 823 662 reputans
845 600 972 639 eam
996 601 1174 662 quam
1198 573 1444 637 diximus
1468 576 1753 656 originem

156 668 385 753 annuli,
430 697 596 759 atque
619 670 899 736 annulum
924 671 1110 735 adhuc
1133 695 1234 757 pro
1257 665 1488 735 vinculo
1511 664 1750 744 habam,

154 766 405 831 suaderet
426 792 522 856 per
541 766 851 832 verborum
874 794 960 831 eas
984 767 1251 854 ambages
1276 820 1293 847 ,
1317 790 1389 828 ne
1410 770 1535 851 quis
1562 769 1620 824 in
1644 761 1749 824 ser-

152 868 395 927 uitutem
421 864 626 929 duram
661 888 830 952 atque
864 862 1306 928 incommodam
1330 861 1381 924 se
1405 860 1591 948 ipsum
1614 882 1750 921 con-

154 981 188 1041 1]
198 982 352 1022 ceret.

266 1053 333 1117 Id
356 1061 529 1118 etiam
552 1054 727 1118 causae
751 1080 866 1119 erat
887 1110 906 1137 ,
930 1079 1027 1118 cur
1048 1052 1289 1118 Flamini
1313 1047 1470 1114 Diali
1492 1048 1637 1113 olim
1663 1054 1750 1110 in—

152 1149 510 1215 terdiceretur
544 1147 738 1215 annuli
760 1151 865 1217 vsu
893 1179 906 1214 :
945 1176 1086 1214 nam
1122 1150 1313 1213 decere
1347 1145 1748 1233 opinabantur,

153 1269 218 1310 vt
252 1245 421 1310 essent
460 1244 714 1311 maxime
751 1244 914 1312 liberi
951 1246 1268 1312 Sacerdotes
1296 1293 1308 1305 .
1380 1243 1488 1306 Sed
1524 1266 1627 1305 nos
1668 1265 1751 1303 re-

152 1340 294 1406 stius
320 1341 712 1408 Sacerdotibus
736 1340 974 1407 annulos
1001 1341 1303 1407 tribuimus
1331 1368 1343 1403 :
1392 1346 1528 1427 quia
1551 1334 1714 1399 Caelo
1730 1390 1748 1417 ‚

154 1444 392 1525 Superi5‚
408 1466 471 1504 ac
493 1445 628 1504 Deo
651 1439 1092 1526 seruiunt3atque
1116 1445 1173 1502 in
1198 1443 1424 1525 pectore
1445 1428 1748 1520 humerocfb

153 1535 343 1599 ferunt
363 1542 625 1618 nomina,
643 1534 755 1600 hoc
777 1535 857 1599 est
879 1534 1070 1600 debita
1095 1532 1459 1622 populorum.
1586 1554 1751 1592 uam-
1769 1598 1799 1641 I
1869 1596 1905 1639 P
1958 1613 1981 1625 ι.

114 1703 119 1709 .
153 1654 334 1716 quam
355 1629 722 1694 Abrahamus
750 1629 1005 1696 Gorlaeus
1027 1629 1268 1694 Flamini
1291 1626 1447 1692 Diali
1470 1623 1748 1689 annulum
1769 1608 1956 1720 [anW-or‘

154 1722 490 1812 simplicem,
518 1739 575 1790 &
602 1722 715 1789 fine
737 1727 971 1815 gemma
993 1725 1168 1791 tribui
1189 1723 1421 1790 solitum
1443 1778 1461 1805 ,
1488 1720 1746 1786 affirmat.
1769 1721 1979 1831 ἷῖἴέἶβθῆ

244 1821 345 1898 Ad
366 1822 486 1886 haec
507 1826 738 1909 Regum
763 1822 1013 1886 duorum
1038 1823 1228 1886 statuae
1243 1876 1261 1903 ,
1278 1822 1391 1886 hoc
1412 1820 1512 1900 est,
1529 1822 1749 1882 Numae
1885 1818 1896 1830 ”

146 1916 420 2004 ,Pompilij
462 1944 525 1981 ac
548 1922 718 2002 Seruij
744 1917 927 2000 Tulli,
952 1917 1344 2005 specstabantur
1365 1942 1500 1980 cum
1525 1911 1750 1978 annulis

151 2020 211 2078 in
235 2011 548 2101 Capitoli0‚
565 2037 821 2102 tempore
845 2013 1033 2098 Plinij:
1059 2009 1493 2092 necimmerito3
1517 2017 1672 2098 quia,
1689 2035 1754 2076 vt

154 2116 376 2196 Sapiens
400 2111 640 2197 quidam
675 2110 819 2176 dixit
838 2165 858 2193 ,
892 2116 1060 2176 Rex
1111 2133 1146 2175 B
1165 2133 1205 2173 o
1227 2132 1273 2174 N
1296 2136 1333 2175 v
1356 2135 1380 2174 s
1445 2135 1469 2174 s
1492 2129 1642 2173 ERV
1661 2130 1700 2172 v
1724 2130 1749 2171 s

158 2226 291 2270 EST
344 2228 772 2272 PVBLICVS.

261 2302 396 2366 Post
417 2307 636 2366 exactos
661 2307 861 2392 Reges,
882 2300 1122 2367 annulus
1161 2303 1365 2366 ferreus
1389 2307 1751 2390 Imperatori-

153 2394 255 2462 bus
281 2410 341 2462 δε
364 2397 625 2464 Ducibus
651 2398 921 2464 dabatur:
948 2424 1052 2462 nec
1076 2395 1230 2462 aliter
1245 2399 1315 2462 de
1338 2397 1612 2487 iugurtha
1636 2403 1750 2460 Re-

149 2519 219 2585 ge
257 2499 330 2559 C.
354 2496 573 2561 Marius
610 2495 1003 2583 triumphauit.
1038 2502 1229 2558 Ferreo
1252 2492 1554 2562 Vtebantur
1577 2500 1750 2557 etiam

1115 2591 1187 2651 M
1591 2596 1752 2679 Sparf
