2201 3011
320 81 409 142 Χιι

323 169 724 258 affirmans,
766 165 1054 243 exordia
1099 167 1400 242 honoris.
1434 168 1704 244 maiora
1744 171 1834 246 ab
1878 169 1946 247 se

324 280 634 360 conferri
663 307 814 355 non
836 275 1026 382 poffe
1041 339 1061 372 ,
1080 278 1298 383 quam
1314 305 1394 355 vt
1423 281 1487 356 ei
1503 281 1752 356 ditioni
1783 309 1944 384 prae-

328 394 573 492 ficeret
594 453 613 488 ‚
645 393 765 467 cui
792 395 869 465 &
895 416 1190 493 receptae
1221 418 1371 466 non
1400 391 1493 467 ita
1522 393 1792 495 pridem
1811 454 1831 486 ,
1865 397 1945 467 &C

322 504 785 609 Magnatibus
817 503 961 578 aliis
987 500 1338 596 finitimae,
1372 503 1605 579 custos
1637 505 1944 607 prudens

322 617 736 720 cumprimis
769 643 850 692 ac
883 613 1070 690 fidus
1092 612 1633 691 defiderabatur.
1672 615 1944 690 Exacto

323 730 420 805 ibi
464 726 800 804 sexennio
834 789 856 821 ,
911 725 1089 802 cum
1127 727 1418 802 ineunte
1458 727 1947 829 Principatum

322 844 393 916 G
415 864 514 917 RE
534 863 580 913 G
604 863 656 915 O
680 864 726 915 R
747 863 766 913 Ι
787 863 839 914 O
874 841 1047 914 XV.
1087 841 1408 913 Romam
1442 839 1695 915 redires
1711 898 1732 930 ,
1767 838 1947 914 litte-

323 954 412 1028 ris
448 952 536 1028 ad
569 980 742 1028 eum
779 947 1204 1026 Pontificem
1238 950 1413 1026 datis
1439 1012 1460 1043 ,
1501 949 1946 1026 Ferrarienfis

322 1064 781 1168 Magistratus
850 1062 1126 1137 obitam
1198 1060 1694 1138 Praefesturam
1764 1062 1953 1137 adeo-

325 1176 638 1252 laudauit
671 1236 691 1269 ,
727 1200 806 1251 vt
834 1176 947 1249 Te
978 1171 1180 1249 fuisse
1218 1173 1317 1247 ibi
1353 1174 1683 1249 Aureum
1723 1172 1947 1247 Praesb

327 1288 536 1381 dem
565 1292 643 1362 &
666 1283 962 1362 mutaffe
996 1284 1573 1387 propemodum
1557 1314 1630 1359 in
1666 1313 1746 1361 ea
1777 1284 1955 1361 ciui-

327 1425 468 1475 tate
503 1397 665 1474 ferri
687 1397 1277 1518 appellationem,
1298 1398 1718 1500 apparuerit.
1753 1398 1948 1472 Mox

326 1542 364 1589 a
399 1511 627 1587 reditu
664 1538 753 1586 ex
791 1510 1080 1585 ciuitate
1112 1507 1557 1602 Ferrarienfi
1579 1512 1651 1584 G
1671 1531 1771 1584 RE
1792 1531 1841 1581 G
1866 1532 1944 1584 O

328 1645 544 1699 RIVS
600 1624 799 1698 XV.
853 1621 974 1696 vix
1015 1617 1449 1725 quiescenti,
1495 1620 1949 1696 Prouinciam

325 1735 539 1811 Firmi
577 1734 772 1810 dedit
817 1732 1383 1809 moderandam:
1429 1761 1653 1837 quam
1694 1758 1957 1834 optant

328 1847 635 1945 Primarij
660 1841 981 1921 Praesules
1003 1904 1024 1936 ,
1046 1869 1127 1919 vt
1158 1844 1233 1919 in
1255 1839 1335 1920 ea
1357 1845 1566 1920 obire
1591 1871 1820 1948 gratas
1841 1845 1949 1920 vi-

329 1987 442 2036 ces
456 1956 848 2036 Cardinalis
869 1953 1373 2060 consanguinei
1395 1953 1704 2032 eiusdem
1714 1956 1951 2032 Ponti-

330 2068 479 2147 ficis
519 2068 821 2174 possint3
858 2098 1028 2146 nam
1068 2070 1122 2143 is
1161 2065 1427 2171 semper
1471 2068 1620 2144 eius
1655 2067 1950 2143 Prouin-

330 2184 451 2259 ciae
503 2181 992 2285 gubernaculo
1044 2178 1436 2282 praeficitur.
1491 2180 1602 2255 Ibi
1652 2207 1949 2284 quoque

331 2294 997 2371 admurmuratione
1041 2288 1533 2369 secundiflima
1579 2289 1947 2367 Praefidem

331 2435 542 2509 agens
558 2469 584 2504 ᾖ
601 2432 1030 2512 prOmel‘ltUS
1048 2435 1158 2499 eS,
1179 2431 1259 2481 vt
1279 2433 1362 2510 pl
1364 2431 1525 2483 aetel‘
1547 2403 1806 2480 litteras
1827 2428 1952 2479 lte-

1783 2543 1815 2589 1
1821 2543 1952 2589 um
