2201 3011
128 765 225 813 Lib.
240 782 280 823 9.

356 176 458 240 90
589 176 705 230 DE
760 171 1240 229 SYMBOLIS
1296 172 1754 227 HEROICIS

361 283 618 364 Spartani
645 289 703 341 &
729 275 1079 341 Macedones
1105 311 1120 355 ·,
1143 271 1497 364 ferreumque
1535 271 1567 339 a
1589 277 1780 340 Matre
1799 275 1962 342 dono

360 370 566 437 habuit
591 370 846 438 Seleucus
873 377 1012 437 Rex.
1047 378 1259 459 Neque
1295 373 1556 460 frequens
1594 372 1719 438 Vsus
1745 371 1962 455 annuli,

362 465 586 534 tametfi
630 472 791 533 ferrei
814 524 832 551 ‚
856 469 1080 534 videtur
1111 467 1269 532 fuisse
1293 473 1500 533 Romae
1524 492 1651 533 ante
1689 473 1806 532 Gn.
1843 466 1964 534 Fla-

362 571 528 630 uium
545 620 563 647 ,
601 592 667 629 ex
689 563 954 630 libertino
994 589 1146 652 patre
1181 571 1441 654 genitum
1466 619 1483 646 ,
1520 577 1579 628 δε
1604 569 1779 652 Appij
1808 571 1965 631 Caeci

367 661 623 726 Scribam
647 713 659 725 .
729 668 912 726 Cuius
937 667 1198 726 Comitia
1220 685 1447 726 tantum
1485 660 1840 750 indignitatis
1864 661 1967 726 ha-

366 752 543 820 buiffe
564 782 748 823 narrat
767 760 1041 822 T.Liuius
1057 813 1075 839 ,
1114 782 1176 823 vt
1197 755 1442 822 Nobiles
1467 756 1717 846 plerique
1739 782 1862 821 non
1885 759 1967 821 fe-

365 878 541 918 rentes
566 856 683 942 ipsu
691 882 751 918 m
756 862 968 936 ,inuitis
993 853 1247 918 Patribus
1251 853 1530 936 ,AEdilem
1544 851 1763 918 Cui-ule
1780 856 1976 918 &Tri-

369 949 595 1015 bunum
612 949 787 1038 plcbis
806 976 983 1015 creatu
993 948 1382 1030 m,annulos&
1396 948 1644 1038 phaleras
1662 950 1965 1036 posuerint.

449 1049 789 1112 Manserunt
810 1045 979 1134 porro
1005 1045 1201 1112 annuli
1222 1049 1382 1110 ferrei
1403 1102 1422 1129 ,
1452 1046 1736 1133 quamdiu
1759 1051 1969 1110 Romae

370 1144 787 1229 perseueratum
825 1152 974 1208 aurei
1009 1169 1192 1209 mores
1221 1172 1234 1207 ε
1283 1169 1348 1206 ex
1372 1141 1581 1230 quibus
1604 1140 1865 1208 videlicet
1908 1149 1967 1207 in

370 1239 518 1325 ipsos
543 1238 779 1304 annulos
805 1267 1008 1304 aurum
1033 1240 1194 1324 abijt,
1219 1240 1490 1304 crescente
1512 1236 1671 1320 luxu,
1690 1265 1754 1303 ac
1775 1237 1971 1304 laben-

370 1359 425 1401 te
447 1333 653 1400 sensim
677 1336 981 1424 disciplina.
1029 1333 1327 1424 Qinimo
1352 1361 1472 1410 tam
1496 1333 1608 1400 cito
1633 1338 1782 1400 faCta
1806 1336 1885 1399 est
1908 1364 1971 1401 ea

369 1438 627 1515 variatiO,
651 1457 714 1498 vt
735 1434 971 1521 ipsemet
992 1440 1063 1497 C.
1088 1436 1308 1498 Marius
1315 1489 1332 1515 ,
1356 1440 1416 1497 in
1440 1439 1605 1497 tertio
1629 1430 1978 1516 Consulatu,

371 1555 506 1592 cum
542 1527 756 1594 annulo
780 1556 949 1601 aureo
981 1530 1193 1595 fulserit
1215 1581 1227 1594 .
1295 1529 1404 1594 Sed
1426 1528 1669 1617 superbo
1691 1528 1814 1595 vsui
1837 1552 1973 1595 tunc

372 1649 486 1689 erat
507 1624 703 1691 saltem
727 1635 1050 1710 reuerentia,
1075 1626 1168 1694 vel
1191 1625 1406 1714 pudor:
1434 1651 1572 1689 nam
1597 1623 1721 1690 solis
1748 1630 1970 1714 Legatis

374 1722 616 1811 peregre,
641 1735 698 1787 &
725 1730 782 1787 in
808 1730 1130 1788 Prouincias
1155 1748 1360 1788 exteras
1385 1721 1671 1804 euntibus,
1697 1722 1973 1786 concede—

377 1816 583 1883 bantur
606 1817 800 1884 annuli
825 1828 974 1885 aurei
999 1849 1011 1884 :
1040 1844 1208 1908 atque
1232 1820 1411 1906 ijdem
1435 1824 1632 1907 Legati
1654 1821 1837 1883 ferreis
1865 1819 1970 1884 do·
2030 1876 2033 1881 ,

378 1922 462 1977 mi
486 1924 736 1980 contenti
760 1971 777 1998 ,
802 1917 1095 2006 gestabant
1131 1943 1324 1981 aureos
1351 1913 1575 1996 solum‘,
1607 1915 1844 2002 quando
1869 1942 1976 2003 pu-

380 2008 522 2075 blice
547 2012 870 2099 prodibant.

470 2113 622 2172 Dein
660 2136 827 2173 aureo
872 2107 1085 2174 annulo
1128 2114 1300 2195 coepti
1342 2108 1469 2170 sunt
1512 2113 1739 2195 Equites
1783 2103 1818 2171 a
1860 2106 1975 2195 ple-

378 2204 723 2286 be‚Tribuni
747 2218 805 2270 ὃς
830 2213 1205 2270 Centuriones
1229 2202 1262 2269 a
1288 2202 1469 2268 milite
1492 2205 1782 2293 distingui:
1810 2230 1977 2268 eum-

376 2299 623 2391 demque
660 2300 765 2367 fibi
803 2329 864 2366 ac
900 2304 1146 2366 Medicis
1188 2299 1304 2366 aliis
1351 2309 1686 2388 promeritus
1731 2302 1811 2365 est
1845 2304 1973 2365 An-

377 2406 565 2463 tonius
589 2400 762 2464 Musa
784 2397 1010 2464 libertus
1038 2436 1052 2479 -,
1084 2406 1184 2486 qui
1206 2398 1536 2488 Augustum
1564 2453 1581 2480 ,
1606 2399 1733 2486 post
1755 2394 1977 2462 concla-

378 2520 599 2562 matam
622 2505 737 2563 eius
762 2493 1172 2578 valetudinem,
1197 2497 1412 2560 sanauit
1429 2546 1442 2557 .

1804 2588 1978 2653 Vsur-²
