2201 3011
146 936 241 984 Lib.
266 952 302 994 3.

144 1015 234 1066 cap.
246 1018 263 1061 3
273 1021 310 1049 2..

395 156 530 220 168
641 168 755 221 DE
821 170 1291 229 SYMBOLIS
1348 178 1812 233 HEROICIS

477 271 1994 374 Schema,Phrenoschema‚Epicherema,Symbolum,-

383 373 626 454 Signum
643 369 904 463 ,Insigne
920 431 938 458 ‚
965 380 1398 465 Argumentum
1423 437 1441 463 ,
1466 384 1713 464 Tessera,
1740 381 1832 447 vel
1861 384 1991 449 sunt:

385 468 584 531 Graeca
597 477 864 554 nomina,
889 471 977 539 vel
1001 479 1293 553 Latinitati
1317 478 1558 564 quidem
1584 479 1835 544 seruiunt
1859 516 1870 559 3
1897 481 1991 545 sed

382 584 568 628 totam
612 564 1103 653 pulchritudinem
1129 599 1192 637 ac
1215 574 1558 663 dignitatem
1583 583 1698 639 eius
1724 576 1990 643 vocabuli

381 659 609 725 autibus
634 688 755 727 non
780 691 1129 755 proponunt.

481 757 548 821 Id
572 767 746 824 etiam
771 763 850 826 est
873 764 1052 828 causae
1075 819 1089 845 ,
1115 793 1214 831 cur
1237 793 1343 833 nec
1367 776 1616 832 omnino
1640 766 1858 855 placeat
1881 795 1988 833 no-

380 875 517 917 men
542 854 773 946 figurati
812 865 1255 950 Epigrammatis
1282 899 1295 943 3
1326 864 1488 951 quod
1525 871 1575 928 ei
1613 891 1792 953 nuper
1831 866 1988 932 dedit

379 946 703 1020 Alexander
733 962 1000 1023 Donatus
1040 958 1070 1022 ὲ
1108 967 1383 1025 Societate
1417 959 1610 1025 nostra
1631 1016 1648 1042 ,
1688 969 1746 1025 in
1773 963 1882 1028 suis
1916 965 1989 1028 de

378 1071 494 1112 arte
533 1052 763 1119 Po'e'ticfi
793 1056 1024 1122 eruditis
1063 1062 1537 1122 CommentariiS.
1604 1058 1988 1147 Praeterquam

378 1142 543 1230 qubd
579 1175 644 1213 ea
679 1151 983 1241 appellatio
1021 1155 1198 1242 posset
1236 1156 1518 1219 transferri
1541 1180 1775 1242 quoque
1800 1163 1859 1219 in
1885 1155 1989 1222 Al-

379 1248 511 1306 ciati
535 1246 901 1316 Emblemata
922 1306 941 1334 ,
988 1277 1118 1339 quae
1141 1250 1468 1316 conflantur
1490 1278 1555 1315 ex
1579 1249 1762 1341 figura
1782 1265 1840 1316 &
1871 1261 1989 1342 epi·

376 1363 724 1428 grammate,
749 1347 844 1411 seu
866 1347 1026 1412 breui
1050 1355 1320 1414 carmine:
1350 1349 1507 1413 decet
1524 1373 1719 1412 autem
1742 1357 1988 1415 nomina

374 1461 610 1525 quoque
631 1467 822 1508 rerum
847 1444 1071 1528 distare,
1097 1446 1337 1535 quando
1361 1472 1441 1511 res
1468 1443 1766 1510 differunt.

494 1536 793 1630 roirca
815 1542 1062 1608 inducor
1092 1544 1362 1631 equidem
1377 1594 1397 1620 ,
1421 1567 1485 1610 vt
1507 1543 1671 1630 quod
1694 1543 1774 1606 est
1795 1540 1988 1608 Italic&

361 1624 598 1720 Jmprefh
618 1688 638 1712 ,
686 1638 887 1705 Latine
930 1639 993 1705 id
1036 1638 1314 1729 appellem
1358 1638 1649 1726 Symbolum
1692 1646 1986 1704 Heroi'cum.

375 1729 667 1813 Symbolum
690 1743 935 1826 quippe,
981 1761 1076 1803 aut
1098 1736 1279 1803 solam
1324 1737 1575 1828 figuram
1590 1792 1608 1820 ,
1634 1761 1731 1801 aut
1766 1734 1988 1804 lemma

373 1825 585 1912 solum,
611 1858 708 1897 aut
730 1830 1042 1923 Vtrumque
1068 1832 1367 1925 fignificat.
1434 1842 1504 1900 Et
1527 1835 1670 1900 dum
1698 1834 1853 1899 addo
1876 1845 1987 1898 He-

375 1930 588 2003 roi'cum,
614 1931 870 2018 assequor
898 1938 1023 1998 vim
1047 1959 1113 1996 ac
1137 1933 1481 2022 dignitatem
1496 1930 1770 1998 vocabuli
1796 1960 1808 1995 ε
1838 1959 1985 2020 quo-

375 2030 539 2087 niam
557 2080 574 2107 ‚
600 2034 685 2092 vti
709 2027 935 2093 aiebam
960 2084 978 2111 ,
1007 2030 1225 2117 semper
1248 2056 1312 2094 ea
1334 2056 1450 2097 vox
1481 2023 1716 2118 Jmpresa
1751 2054 1871 2093 rem
1895 2031 1984 2094 so-

373 2143 475 2183 nat
498 2119 680 2187 laudis
722 2135 781 2188 δε
820 2127 991 2191 famae
1015 2151 1384 2217 compotem3
1417 2122 1765 2215 honorisque
1789 2125 1981 2215 appel-

370 2213 510 2283 latio
534 2245 597 2285 ea
620 2221 919 2289 iudicatur.

1638 2513 1974 2615 CAPVT
