2201 3011
405 183 559 253 404
669 180 783 238 DE
848 178 1328 236 SYMBOLIS
1384 178 1848 238 HERoiffls

410 289 596 357 scribo
622 327 636 371 3
662 292 743 356 est
779 317 878 357 cur
917 288 1152 356 laudem
1191 296 1465 378 pietatem
1497 295 1558 354 in
1583 289 2015 377 frequentandis

412 396 520 477 piis
565 384 815 454 AEdium
860 389 1189 454 nostrarum
1236 385 1567 453 Sodalitii-s:
1613 413 1793 475 quam
1835 394 2023 476 pieta·

415 509 538 552 tem
569 492 852 553 Primores
892 484 1125 552 eClero
1157 541 1175 569 ,
1215 483 1457 552 celebres
1494 482 1874 551 Iureconsulti
1900 540 1918 568 ,
1956 512 2020 550 ac

416 580 648 650 litterati
671 591 799 651 Viri
837 639 855 666 ,
889 579 1275 650 honestissimi
1325 580 1765 647 patresfamilias
1791 638 1809 666 ‚
1848 588 2021 648 que-

309 690 328 710 ‘³
418 707 517 747 nes
542 678 946 749 modestissimi
980 681 1172 771 praese
1201 682 1391 747 ferunt
1428 716 1443 761 3
1481 678 1772 746 distributi
1800 687 1862 745 in
1890 678 2023 769 plu-

418 805 500 844 res
548 804 727 846 coetus
767 837 786 864 ,
838 793 898 846 &
938 777 1117 846 titulis
1155 785 1325 847 variis
1365 774 1690 867 Virginalia
1737 776 2024 867 complexi

420 884 626 944 omnia
663 934 682 962 ,
718 903 847 968 quae
879 875 1202 943 celebritate
1241 873 1625 941 anniuersariss.
1658 900 2020 943 veneramur.

419 973 934 1066 Propugnaculum
978 972 1245 1043 videlicet
1296 967 1697 1039 firmiffimum
1735 973 1817 1038 est
1853 1028 1873 1056 ,
1925 974 2029 1040 ad·

419 1074 609 1138 uersus
643 1074 819 1140 castra
849 1072 1129 1139 haeresum
1155 1070 1410 1137 finitima
1437 1095 1552 1135 orae
1576 1077 2026 1158 Septemtriona-

422 1177 518 1235 riae
557 1221 580 1249 ,
617 1176 923 1262 Virginem
977 1166 1152 1236 fimul
1199 1181 1258 1235 &
1302 1169 1565 1233 Matrem
1609 1165 1775 1234 illam
1821 1165 2025 1254 colere,

424 1294 553 1356 quae
589 1268 706 1334 sola
743 1273 978 1333 cunctas
1013 1267 1242 1333 haereses
1290 1265 1634 1331 interemisse
1668 1272 1730 1331 in
1759 1268 2025 1333 vniuerso

422 1365 654 1431 mundo
679 1420 697 1450 ,
736 1363 810 1433 ab
835 1360 1082 1432 Ecclesia
1120 1362 1275 1430 claro
1301 1375 1361 1430 δε
1384 1371 1663 1452 perueteri
1686 1362 1878 1453 elogio
1901 1390 2026 1454 per-

423 1460 678 1529 hibetur.

516 1561 619 1627 Ad
641 1561 748 1627 hos
770 1557 1102 1625 Parthenios
1130 1553 1389 1641 Sodales,
1409 1561 1697 1646 quoniam
1718 1555 1878 1623 velut
1902 1555 2028 1626 bal—

424 1655 570 1724 sami
608 1655 919 1725 arbusculae
949 1656 1152 1723 afflant
1177 1656 1426 1723 odorem
1451 1660 1587 1722 vitae
1616 1709 1636 1738 ‚
1667 1653 1878 1721 merito
1911 1663 2028 1724 Ni—

194 1769 406 1845 InSymb..
425 1753 615 1822 colaus
641 1752 947 1823 Cauffinus
972 1810 991 1839 ‚
1028 1754 1061 1820 ὲ
1093 1761 1372 1821 Societate
1405 1750 1608 1819 nostra
1631 1759 1882 1842 Scriptor
1919 1751 2030 1821 cla-

195 1835 390 1949 {1³thst
422 1850 670 1920 riffimus
711 1909 730 1938 ‚
777 1854 1127 1919 existimauit
1161 1859 1443 1942 pertinere
1486 1852 1640 1938 poffe
1676 1849 2027 1940 Symbolum

422 1953 599 2018 fontis
624 1950 773 2018 illius
811 1958 872 2017 in
891 1954 1154 2041 AEgypto
1176 2004 1196 2032 ,
1234 1957 1295 2016 in
1319 1974 1440 2037 quo
1475 1950 1653 2013 fertur
1674 1953 1860 2037 Virgo
1886 1955 2029 2015 Dei-

195 2069 404 2117 Burchar.
424 2075 559 2137 para
581 2056 608 2114 Ι
627 2075 662 2115 Ε
682 2076 705 2115 s
730 2074 769 2115 v
791 2073 864 2131 M,
886 2047 1197 2136 paruulum
1224 2044 1475 2126 exulem,
1494 2043 1793 2133 aliquoties
1818 2044 2030 2112 abluis-

193 2136 397 2247 2¹:2⁷3th
425 2147 507 2227 se3
535 2159 595 2212 &
612 2154 715 2236 qui
740 2147 949 2213 dicitur
972 2152 1089 2210 eius
1114 2150 1337 2212 virtutis
1362 2142 1466 2208 effe
1490 2196 1509 2225 ,
1538 2166 1601 2209 vt
1622 2141 1822 2207 hortus
1848 2141 2030 2210 balsa-

195 2265 247 2311 de
269 2267 404 2327 Signis
425 2250 512 2309 mi
535 2251 585 2309 ei
610 2242 970 2332 propinquus
998 2297 1016 2327 ,
1051 2239 1120 2308 sit
1146 2238 1341 2307 fertilis
1374 2240 1720 2324 dumtaxat,
1756 2235 1799 2304 fi
1829 2266 2031 2328 peren-

197 2329 356 2443 ffflcefl
425 2348 602 2407 nitate
627 2339 776 2407 illius
802 2347 1080 2430 irrigetur.
1099 2345 1258 2405 Huic
1287 2344 1504 2404 etenim
1528 2339 1680 2402 fonti
1705 2336 2033 2404 adscribens·

220 2411 372 2454 ···7·
426 2436 715 2505 lemmatis
753 2436 883 2505 loco
913 2493 931 2521 ,
985 2443 1269 2505 CRESC
1294 2459 1376 2504 IT
1430 2455 2028 2521 QODCVM2Q13

431 2559 478 2604 R
499 2562 520 2604 1
542 2563 581 2605 G
602 2560 703 2605 AT
736 2572 750 2619 3
788 2542 1105 2628 exprimere
1142 2531 1252 2602 sibi
1275 2534 1425 2602 visus
1459 2533 1539 2599 est
1563 2531 1866 2599 Sodalium
1894 2537 2029 2597 Par-

1692 2629 2031 2697 theniorum
