<?xml version="1.0" encoding="UTF-8"?>
<!DOCTYPE html PUBLIC "-//W3C//DTD XHTML 1.0 Transitional//EN"
    "http://www.w3.org/TR/xhtml1/DTD/xhtml1-transitional.dtd">
<html xmlns="http://www.w3.org/1999/xhtml" xml:lang="en" lang="en">
 <head>
  <title>
</title>
<meta http-equiv="Content-Type" content="text/html;charset=utf-8" />
  <meta name='ocr-system' content='tesseract 3.04.00' />
  <meta name='ocr-capabilities' content='ocr_page ocr_carea ocr_par ocr_line ocrx_word'/>
</head>
<body>
  <div class='ocr_page' id='page_1' title='image "./siluestripetrasa00piet_0479.png"; bbox 0 0 2201 3011; ppageno 0'>
   <div class='ocr_carea' id='block_1_1' title="bbox 455 177 1786 264">
    <p class='ocr_par' dir='ltr' id='par_1_1' title="bbox 455 177 1786 264">
     <span class='ocr_line' id='line_1_1' title="bbox 455 177 1786 264; baseline -0.002 -11"><span class='ocrx_word' id='word_1_1' title='bbox 455 192 804 253; x_wconf 73' lang='lat' dir='ltr'><strong>‘LIBER</strong></span> <span class='ocrx_word' id='word_1_2' title='bbox 889 177 1464 250; x_wconf 72' lang='lat' dir='ltr'>&#39;oca-Avvs..</span> <span class='ocrx_word' id='word_1_3' title='bbox 1655 196 1786 264; x_wconf 75' lang='lat'>391</span> 
     </span>
    </p>
   </div>
   <div class='ocr_carea' id='block_1_2' title="bbox 167 288 1782 1162">
    <p class='ocr_par' dir='ltr' id='par_1_2' title="bbox 167 288 1782 1162">
     <span class='ocr_line' id='line_1_2' title="bbox 175 288 1780 382; baseline 0.002 -22"><span class='ocrx_word' id='word_1_4' title='bbox 175 293 251 361; x_wconf 75' lang='lat' dir='ltr'>&#39;eo</span> <span class='ocrx_word' id='word_1_5' title='bbox 277 296 540 364; x_wconf 86' lang='lat' dir='ltr'>videatur</span> <span class='ocrx_word' id='word_1_6' title='bbox 562 352 581 380; x_wconf 95' lang='lat'>,</span> <span class='ocrx_word' id='word_1_7' title='bbox 604 320 666 363; x_wconf 87' lang='lat' dir='ltr'>vt</span> <span class='ocrx_word' id='word_1_8' title='bbox 691 303 752 360; x_wconf 89' lang='lat' dir='ltr'>in</span> <span class='ocrx_word' id='word_1_9' title='bbox 783 292 948 361; x_wconf 86' lang='lat' dir='ltr'>rebus</span> <span class='ocrx_word' id='word_1_10' title='bbox 975 292 1174 360; x_wconf 87' lang='lat' dir='ltr'>multis</span> <span class='ocrx_word' id='word_1_11' title='bbox 1200 288 1403 382; x_wconf 85' lang='lat' dir='ltr'>paffnn</span> <span class='ocrx_word' id='word_1_12' title='bbox 1433 292 1780 364; x_wconf 85' lang='lat' dir='ltr'>obuersetur.</span> 
     </span>
     <span class='ocr_line' id='line_1_3' title="bbox 181 391 1782 482; baseline 0.002 -25"><span class='ocrx_word' id='word_1_13' title='bbox 181 398 251 458; x_wconf 86' lang='lat' dir='ltr'>Et</span> <span class='ocrx_word' id='word_1_14' title='bbox 283 395 448 482; x_wconf 86' lang='lat' dir='ltr'>quod</span> <span class='ocrx_word' id='word_1_15' title='bbox 474 395 545 459; x_wconf 84' lang='lat' dir='ltr'>ad</span> <span class='ocrx_word' id='word_1_16' title='bbox 570 420 690 459; x_wconf 91' lang='lat' dir='ltr'>rem</span> <span class='ocrx_word' id='word_1_17' title='bbox 730 391 1063 481; x_wconf 84' lang='lat' dir='ltr'>praesentem</span> <span class='ocrx_word' id='word_1_18' title='bbox 1100 394 1237 456; x_wconf 87' lang='lat' dir='ltr'>facit</span> <span class='ocrx_word' id='word_1_19' title='bbox 1258 447 1276 474; x_wconf 93' lang='lat'>,</span> <span class='ocrx_word' id='word_1_20' title='bbox 1317 419 1426 482; x_wconf 78' lang='lat' dir='ltr'>ego</span> <span class='ocrx_word' id='word_1_21' title='bbox 1465 403 1782 482; x_wconf 78' lang='lat' dir='ltr'>generatim</span> 
     </span>
     <span class='ocr_line' id='line_1_4' title="bbox 176 486 1775 580; baseline 0.001 -25"><span class='ocrx_word' id='word_1_22' title='bbox 176 487 547 580; x_wconf 57' lang='lat' dir='ltr'>vniuerseeiue</span> <span class='ocrx_word' id='word_1_23' title='bbox 586 497 869 578; x_wconf 79' lang='lat' dir='ltr'>exigerem</span> <span class='ocrx_word' id='word_1_24' title='bbox 909 486 1333 553; x_wconf 79' lang='lat' dir='ltr'>tantummodo</span> <span class='ocrx_word' id='word_1_25' title='bbox 1370 544 1388 572; x_wconf 89' lang='lat'>,</span> <span class='ocrx_word' id='word_1_26' title='bbox 1429 514 1493 556; x_wconf 84' lang='lat' dir='ltr'>vt</span> <span class='ocrx_word' id='word_1_27' title='bbox 1528 513 1568 552; x_wconf 95' lang='lat' dir='ltr'>o</span> <span class='ocrx_word' id='word_1_28' title='bbox 1591 515 1639 554; x_wconf 89' lang='lat' dir='ltr'>M</span> <span class='ocrx_word' id='word_1_29' title='bbox 1662 516 1708 555; x_wconf 21' lang='lat' dir='ltr'>N*</span> <span class='ocrx_word' id='word_1_30' title='bbox 1730 518 1775 576; x_wconf 87' lang='lat'>1,</span> 
     </span>
     <span class='ocr_line' id='line_1_5' title="bbox 174 586 1777 676; baseline 0.002 -26"><span class='ocrx_word' id='word_1_31' title='bbox 174 598 234 650; x_wconf 73' lang='grc' dir='ltr'>δε</span> <span class='ocrx_word' id='word_1_32' title='bbox 260 613 285 651; x_wconf 86' lang='lat' dir='ltr'>s</span> <span class='ocrx_word' id='word_1_33' title='bbox 307 612 340 652; x_wconf 81' lang='lat' dir='ltr'><strong>E</strong></span> <span class='ocrx_word' id='word_1_34' title='bbox 363 612 411 652; x_wconf 84' lang='lat' dir='ltr'>M</span> <span class='ocrx_word' id='word_1_35' title='bbox 432 613 464 653; x_wconf 79' lang='grc' dir='ltr'>Ρ</span> <span class='ocrx_word' id='word_1_36' title='bbox 483 613 516 652; x_wconf 84' lang='lat' dir='ltr'><strong>E</strong></span> <span class='ocrx_word' id='word_1_37' title='bbox 537 610 582 653; x_wconf 77' lang='lat' dir='ltr'>R</span> <span class='ocrx_word' id='word_1_38' title='bbox 598 643 616 670; x_wconf 95' lang='lat'>,</span> <span class='ocrx_word' id='word_1_39' title='bbox 642 612 764 652; x_wconf 92' lang='lat' dir='ltr'>non</span> <span class='ocrx_word' id='word_1_40' title='bbox 786 611 983 651; x_wconf 89' lang='lat' dir='ltr'>autem</span> <span class='ocrx_word' id='word_1_41' title='bbox 1013 611 1037 650; x_wconf 91' lang='lat' dir='ltr'><strong>s</strong></span> <span class='ocrx_word' id='word_1_42' title='bbox 1059 609 1100 648; x_wconf 94' lang='lat' dir='ltr'>o</span> <span class='ocrx_word' id='word_1_43' title='bbox 1123 613 1158 652; x_wconf 90' lang='lat' dir='ltr'><strong>L</strong></span> <span class='ocrx_word' id='word_1_44' title='bbox 1182 610 1203 651; x_wconf 92' lang='lat'>1</span> <span class='ocrx_word' id='word_1_45' title='bbox 1238 595 1550 674; x_wconf 76' lang='lat' dir='ltr'>proprietas</span> <span class='ocrx_word' id='word_1_46' title='bbox 1578 586 1777 676; x_wconf 78' lang='lat' dir='ltr'>figurae</span> 
     </span>
     <span class='ocr_line' id='line_1_6' title="bbox 173 682 1776 773; baseline 0.002 -26"><span class='ocrx_word' id='word_1_47' title='bbox 173 691 481 751; x_wconf 88' lang='lat' dir='ltr'>conueniat</span> <span class='ocrx_word' id='word_1_48' title='bbox 505 713 517 750; x_wconf 90' lang='lat'>:</span> <span class='ocrx_word' id='word_1_49' title='bbox 545 711 673 773; x_wconf 81' lang='lat' dir='ltr'>quae</span> <span class='ocrx_word' id='word_1_50' title='bbox 695 683 1176 748; x_wconf 83' lang='lat' dir='ltr'>eniminterdum</span> <span class='ocrx_word' id='word_1_51' title='bbox 1194 683 1423 750; x_wconf 78' lang='lat' dir='ltr'>videtur</span> <span class='ocrx_word' id='word_1_52' title='bbox 1446 682 1776 772; x_wconf 84' lang='lat' dir='ltr'>aliquantu-</span> 
     </span>
     <span class='ocr_line' id='line_1_7' title="bbox 170 778 1772 871; baseline 0.001 -25"><span class='ocrx_word' id='word_1_53' title='bbox 170 778 295 846; x_wconf 90' lang='lat' dir='ltr'>lum</span> <span class='ocrx_word' id='word_1_54' title='bbox 324 807 472 871; x_wconf 79' lang='lat' dir='ltr'>vaga</span> <span class='ocrx_word' id='word_1_55' title='bbox 496 782 751 846; x_wconf 88' lang='lat' dir='ltr'>eiusdem</span> <span class='ocrx_word' id='word_1_56' title='bbox 778 780 976 870; x_wconf 76' lang='lat' dir='ltr'>figurae</span> <span class='ocrx_word' id='word_1_57' title='bbox 1005 787 1314 869; x_wconf 81' lang='lat' dir='ltr'>proprietas</span> <span class='ocrx_word' id='word_1_58' title='bbox 1341 836 1359 862; x_wconf 95' lang='lat'>,</span> <span class='ocrx_word' id='word_1_59' title='bbox 1385 782 1528 846; x_wconf 85' lang='lat' dir='ltr'>dum</span> <span class='ocrx_word' id='word_1_60' title='bbox 1555 782 1772 848; x_wconf 82' lang='lat' dir='ltr'>nihilo-</span> 
     </span>
     <span class='ocr_line' id='line_1_8' title="bbox 170 876 1767 967; baseline 0.001 -25"><span class='ocrx_word' id='word_1_61' title='bbox 170 876 360 943; x_wconf 69' lang='lat' dir='ltr'>minus</span> <span class='ocrx_word' id='word_1_62' title='bbox 387 879 651 943; x_wconf 85' lang='lat' dir='ltr'>constans</span> <span class='ocrx_word' id='word_1_63' title='bbox 687 902 885 943; x_wconf 89' lang='lat' dir='ltr'>manet</span> <span class='ocrx_word' id='word_1_64' title='bbox 908 933 926 960; x_wconf 93' lang='lat'>,</span> <span class='ocrx_word' id='word_1_65' title='bbox 965 902 1097 965; x_wconf 84' lang='lat' dir='ltr'>apta</span> <span class='ocrx_word' id='word_1_66' title='bbox 1127 878 1207 941; x_wconf 85' lang='lat' dir='ltr'>est</span> <span class='ocrx_word' id='word_1_67' title='bbox 1230 877 1421 942; x_wconf 85' lang='lat' dir='ltr'>adhuc</span> <span class='ocrx_word' id='word_1_68' title='bbox 1446 880 1519 944; x_wconf 88' lang='lat' dir='ltr'>ad</span> <span class='ocrx_word' id='word_1_69' title='bbox 1549 881 1767 967; x_wconf 86' lang='lat' dir='ltr'>persua-</span> 
     </span>
     <span class='ocr_line' id='line_1_9' title="bbox 170 972 1773 1062; baseline 0.002 -23"><span class='ocrx_word' id='word_1_70' title='bbox 170 975 454 1040; x_wconf 88' lang='lat' dir='ltr'>dendum.</span> <span class='ocrx_word' id='word_1_71' title='bbox 488 982 574 1040; x_wconf 88' lang='lat' dir='ltr'>Ita</span> <span class='ocrx_word' id='word_1_72' title='bbox 597 982 657 1040; x_wconf 91' lang='lat' dir='ltr'>in</span> <span class='ocrx_word' id='word_1_73' title='bbox 683 973 1065 1040; x_wconf 83' lang='lat' dir='ltr'>arundinibus</span> <span class='ocrx_word' id='word_1_74' title='bbox 1092 972 1430 1062; x_wconf 78' lang='lat' dir='ltr'>palustribus</span> <span class='ocrx_word' id='word_1_75' title='bbox 1459 1029 1473 1056; x_wconf 85' lang='lat'>‚</span> <span class='ocrx_word' id='word_1_76' title='bbox 1512 984 1571 1041; x_wconf 92' lang='lat' dir='ltr'>in</span> <span class='ocrx_word' id='word_1_77' title='bbox 1598 984 1773 1050; x_wconf 80' lang='lat' dir='ltr'>vimi·</span> 
     </span>
     <span class='ocr_line' id='line_1_10' title="bbox 167 1068 1774 1162; baseline 0.001 -25"><span class='ocrx_word' id='word_1_78' title='bbox 167 1071 339 1138; x_wconf 86' lang='lat' dir='ltr'>nibus</span> <span class='ocrx_word' id='word_1_79' title='bbox 362 1068 737 1162; x_wconf 69' lang='lat' dir='ltr'>salicibuscjue</span> <span class='ocrx_word' id='word_1_80' title='bbox 759 1072 979 1159; x_wconf 86' lang='lat' dir='ltr'>semper</span> <span class='ocrx_word' id='word_1_81' title='bbox 999 1069 1221 1137; x_wconf 85' lang='lat' dir='ltr'>lemma</span> <span class='ocrx_word' id='word_1_82' title='bbox 1244 1069 1408 1155; x_wconf 86' lang='lat' dir='ltr'>illud,</span> <span class='ocrx_word' id='word_1_83' title='bbox 1434 1081 1471 1137; x_wconf 88' lang='lat' dir='ltr'>F</span> <span class='ocrx_word' id='word_1_84' title='bbox 1490 1099 1525 1139; x_wconf 89' lang='lat' dir='ltr'><strong>L</strong></span> <span class='ocrx_word' id='word_1_85' title='bbox 1545 1098 1578 1138; x_wconf 83' lang='grc' dir='ltr'>Ε</span> <span class='ocrx_word' id='word_1_86' title='bbox 1599 1093 1638 1136; x_wconf 89' lang='lat' dir='ltr'>C</span> <span class='ocrx_word' id='word_1_87' title='bbox 1659 1095 1700 1137; x_wconf 87' lang='lat' dir='ltr'>T</span> <span class='ocrx_word' id='word_1_88' title='bbox 1722 1099 1774 1139; x_wconf 93' lang='lat'>1-</span> 
     </span>
    </p>
   </div>
   <div class='ocr_carea' id='block_1_3' title="bbox 70 1173 1776 1262">
    <p class='ocr_par' dir='ltr' id='par_1_3' title="bbox 70 1173 1776 1262">
     <span class='ocr_line' id='line_1_11' title="bbox 70 1173 1776 1262; baseline 0.002 -28"><span class='ocrx_word' id='word_1_89' title='bbox 70 1217 74 1222; x_wconf 81' lang='lat'><em>·</em></span> <span class='ocrx_word' id='word_1_90' title='bbox 118 1208 121 1210; x_wconf 81' lang='grc'><strong>-</strong></span> <span class='ocrx_word' id='word_1_91' title='bbox 167 1193 219 1234; x_wconf 83' lang='grc' dir='ltr'><strong>Μ</strong></span> <span class='ocrx_word' id='word_1_92' title='bbox 237 1197 274 1238; x_wconf 89' lang='lat' dir='ltr'>v</span> <span class='ocrx_word' id='word_1_93' title='bbox 293 1193 360 1254; x_wconf 88' lang='lat' dir='ltr'>R,</span> <span class='ocrx_word' id='word_1_94' title='bbox 387 1195 428 1236; x_wconf 88' lang='lat' dir='ltr'>N</span> <span class='ocrx_word' id='word_1_95' title='bbox 450 1194 491 1234; x_wconf 94' lang='lat' dir='ltr'>o</span> <span class='ocrx_word' id='word_1_96' title='bbox 513 1192 558 1235; x_wconf 89' lang='lat' dir='ltr'>N</span> <span class='ocrx_word' id='word_1_97' title='bbox 597 1194 626 1236; x_wconf 81' lang='lat' dir='ltr'>F</span> <span class='ocrx_word' id='word_1_98' title='bbox 648 1193 691 1235; x_wconf 87' lang='lat' dir='ltr'>R</span> <span class='ocrx_word' id='word_1_99' title='bbox 708 1193 753 1235; x_wconf 87' lang='lat' dir='ltr'>A</span> <span class='ocrx_word' id='word_1_100' title='bbox 772 1193 815 1234; x_wconf 81' lang='lat' dir='ltr'>N</span> <span class='ocrx_word' id='word_1_101' title='bbox 837 1194 876 1235; x_wconf 83' lang='lat' dir='ltr'>o</span> <span class='ocrx_word' id='word_1_102' title='bbox 899 1193 920 1235; x_wconf 89' lang='lat'>1</span> <span class='ocrx_word' id='word_1_103' title='bbox 941 1191 993 1233; x_wconf 90' lang='lat' dir='ltr'>M</span> <span class='ocrx_word' id='word_1_104' title='bbox 1011 1193 1050 1236; x_wconf 84' lang='lat' dir='ltr'><strong>v</strong></span> <span class='ocrx_word' id='word_1_105' title='bbox 1072 1191 1136 1253; x_wconf 85' lang='lat' dir='ltr'>R,</span> <span class='ocrx_word' id='word_1_106' title='bbox 1155 1173 1390 1235; x_wconf 68' lang='lat' dir='ltr'>infr-aeti</span> <span class='ocrx_word' id='word_1_107' title='bbox 1403 1177 1589 1235; x_wconf 83' lang='lat' dir='ltr'>animi</span> <span class='ocrx_word' id='word_1_108' title='bbox 1606 1179 1776 1262; x_wconf 86' lang='lat' dir='ltr'>Sym-</span> 
     </span>
    </p>
   </div>
   <div class='ocr_carea' id='block_1_4' title="bbox 163 1265 1773 2122">
    <p class='ocr_par' dir='ltr' id='par_1_4' title="bbox 163 1265 1773 1651">
     <span class='ocr_line' id='line_1_12' title="bbox 167 1265 1773 1356; baseline 0.001 -23"><span class='ocrx_word' id='word_1_109' title='bbox 167 1265 378 1333; x_wconf 87' lang='lat' dir='ltr'>bolum</span> <span class='ocrx_word' id='word_1_110' title='bbox 404 1275 520 1333; x_wconf 89' lang='lat' dir='ltr'>erit.</span> <span class='ocrx_word' id='word_1_111' title='bbox 563 1273 958 1355; x_wconf 84' lang='lat' dir='ltr'>Qamquam</span> <span class='ocrx_word' id='word_1_112' title='bbox 982 1267 1139 1333; x_wconf 86' lang='lat' dir='ltr'>haud</span> <span class='ocrx_word' id='word_1_113' title='bbox 1163 1265 1394 1332; x_wconf 88' lang='lat' dir='ltr'>inficior</span> <span class='ocrx_word' id='word_1_114' title='bbox 1417 1322 1435 1349; x_wconf 94' lang='lat'>,</span> <span class='ocrx_word' id='word_1_115' title='bbox 1466 1271 1773 1356; x_wconf 57' lang='lat' dir='ltr'>perfeetio-</span> 
     </span>
     <span class='ocr_line' id='line_1_13' title="bbox 167 1362 1769 1453; baseline 0 -21"><span class='ocrx_word' id='word_1_116' title='bbox 167 1392 229 1432; x_wconf 84' lang='lat' dir='ltr'>ra</span> <span class='ocrx_word' id='word_1_117' title='bbox 252 1367 356 1430; x_wconf 80' lang='lat' dir='ltr'>effe</span> <span class='ocrx_word' id='word_1_118' title='bbox 378 1363 652 1430; x_wconf 87' lang='lat' dir='ltr'>lemmata</span> <span class='ocrx_word' id='word_1_119' title='bbox 675 1419 693 1447; x_wconf 92' lang='lat'>,</span> <span class='ocrx_word' id='word_1_120' title='bbox 729 1389 856 1451; x_wconf 84' lang='lat' dir='ltr'>quae</span> <span class='ocrx_word' id='word_1_121' title='bbox 880 1362 1078 1453; x_wconf 81' lang='lat' dir='ltr'>figurae</span> <span class='ocrx_word' id='word_1_122' title='bbox 1103 1364 1303 1428; x_wconf 87' lang='lat' dir='ltr'>dotem</span> <span class='ocrx_word' id='word_1_123' title='bbox 1330 1390 1392 1428; x_wconf 89' lang='lat' dir='ltr'>ac</span> <span class='ocrx_word' id='word_1_124' title='bbox 1415 1363 1769 1451; x_wconf 86' lang='lat' dir='ltr'>facultatem,</span> 
     </span>
     <span class='ocr_line' id='line_1_14' title="bbox 167 1467 1773 1547; baseline 0.001 -19"><span class='ocrx_word' id='word_1_125' title='bbox 167 1488 209 1528; x_wconf 96' lang='lat' dir='ltr'>o</span> <span class='ocrx_word' id='word_1_126' title='bbox 230 1484 345 1528; x_wconf 85' lang='lat' dir='ltr'>MN</span> <span class='ocrx_word' id='word_1_127' title='bbox 372 1487 394 1528; x_wconf 92' lang='lat'>1</span> <span class='ocrx_word' id='word_1_128' title='bbox 420 1519 439 1547; x_wconf 93' lang='lat'>,</span> <span class='ocrx_word' id='word_1_129' title='bbox 480 1487 506 1527; x_wconf 89' lang='lat' dir='ltr'>s</span> <span class='ocrx_word' id='word_1_130' title='bbox 529 1483 798 1528; x_wconf 80' lang='lat' dir='ltr'>EMPER</span> <span class='ocrx_word' id='word_1_131' title='bbox 822 1511 844 1539; x_wconf 78' lang='grc'>,</span> <span class='ocrx_word' id='word_1_132' title='bbox 881 1473 940 1526; x_wconf 86' lang='lat'>&amp;</span> <span class='ocrx_word' id='word_1_133' title='bbox 969 1485 994 1525; x_wconf 91' lang='lat' dir='ltr'>s</span> <span class='ocrx_word' id='word_1_134' title='bbox 1019 1484 1116 1528; x_wconf 89' lang='lat' dir='ltr'>OL</span> <span class='ocrx_word' id='word_1_135' title='bbox 1141 1485 1164 1526; x_wconf 91' lang='lat'>1</span> <span class='ocrx_word' id='word_1_136' title='bbox 1203 1467 1650 1529; x_wconf 87' lang='lat' dir='ltr'>conuenientem</span> <span class='ocrx_word' id='word_1_137' title='bbox 1674 1483 1773 1529; x_wconf 79' lang='lat' dir='ltr'>ex-¹</span> 
     </span>
     <span class='ocr_line' id='line_1_15' title="bbox 163 1569 445 1651; baseline -0.007 -25"><span class='ocrx_word' id='word_1_138' title='bbox 163 1569 445 1651; x_wconf 88' lang='lat' dir='ltr'>primunt.</span> 
     </span>
    </p>

    <p class='ocr_par' dir='ltr' id='par_1_5' title="bbox 164 1649 1769 2122">
     <span class='ocr_line' id='line_1_16' title="bbox 260 1649 1769 1743; baseline 0.001 -21"><span class='ocrx_word' id='word_1_139' title='bbox 260 1656 525 1723; x_wconf 88' lang='lat' dir='ltr'>Obscura</span> <span class='ocrx_word' id='word_1_140' title='bbox 550 1655 778 1742; x_wconf 87' lang='lat' dir='ltr'>insuper</span> <span class='ocrx_word' id='word_1_141' title='bbox 802 1653 1130 1719; x_wconf 87' lang='lat' dir='ltr'>redderetur</span> <span class='ocrx_word' id='word_1_142' title='bbox 1153 1649 1499 1743; x_wconf 75' lang='lat' dir='ltr'>significatio</span> <span class='ocrx_word' id='word_1_143' title='bbox 1522 1653 1769 1724; x_wconf 88' lang='lat' dir='ltr'>lemma-</span> 
     </span>
     <span class='ocr_line' id='line_1_17' title="bbox 164 1748 1768 1842; baseline -0.001 -21"><span class='ocrx_word' id='word_1_144' title='bbox 164 1762 233 1823; x_wconf 87' lang='lat' dir='ltr'>tis</span> <span class='ocrx_word' id='word_1_145' title='bbox 257 1806 278 1832; x_wconf 79' lang='lat'>,</span> <span class='ocrx_word' id='word_1_146' title='bbox 314 1751 358 1819; x_wconf 82' lang='lat' dir='ltr'>si</span> <span class='ocrx_word' id='word_1_147' title='bbox 385 1752 698 1842; x_wconf 81' lang='lat' dir='ltr'>aliquando</span> <span class='ocrx_word' id='word_1_148' title='bbox 721 1753 916 1817; x_wconf 73' lang='lat' dir='ltr'>inesset</span> <span class='ocrx_word' id='word_1_149' title='bbox 940 1757 990 1816; x_wconf 89' lang='lat' dir='ltr'>ei</span> <span class='ocrx_word' id='word_1_150' title='bbox 1019 1750 1289 1817; x_wconf 87' lang='lat' dir='ltr'>transsata</span> <span class='ocrx_word' id='word_1_151' title='bbox 1310 1748 1536 1841; x_wconf 70' lang='lat' dir='ltr'>longius</span> <span class='ocrx_word' id='word_1_152' title='bbox 1564 1753 1768 1840; x_wconf 69' lang='lat' dir='ltr'>diffio,</span> 
     </span>
     <span class='ocr_line' id='line_1_18' title="bbox 164 1847 1765 1940; baseline -0.002 -20"><span class='ocrx_word' id='word_1_153' title='bbox 164 1847 392 1921; x_wconf 83' lang='lat' dir='ltr'>tametfi</span> <span class='ocrx_word' id='word_1_154' title='bbox 431 1847 746 1940; x_wconf 85' lang='lat' dir='ltr'>perfisteret</span> <span class='ocrx_word' id='word_1_155' title='bbox 784 1855 845 1913; x_wconf 89' lang='lat' dir='ltr'>in</span> <span class='ocrx_word' id='word_1_156' title='bbox 885 1849 1096 1913; x_wconf 90' lang='lat' dir='ltr'>eodem</span> <span class='ocrx_word' id='word_1_157' title='bbox 1136 1874 1338 1938; x_wconf 80' lang='lat' dir='ltr'>genere</span> <span class='ocrx_word' id='word_1_158' title='bbox 1379 1850 1765 1940; x_wconf 85' lang='lat' dir='ltr'>metaphorae:</span> 
     </span>
     <span class='ocr_line' id='line_1_19' title="bbox 164 1945 1768 2042; baseline -0.001 -25"><span class='ocrx_word' id='word_1_159' title='bbox 164 1958 301 2042; x_wconf 88' lang='lat' dir='ltr'>quia</span> <span class='ocrx_word' id='word_1_160' title='bbox 324 1972 465 2014; x_wconf 89' lang='lat' dir='ltr'>tune</span> <span class='ocrx_word' id='word_1_161' title='bbox 487 1945 675 2036; x_wconf 70' lang='lat' dir='ltr'>potius</span> <span class='ocrx_word' id='word_1_162' title='bbox 701 1945 861 2012; x_wconf 90' lang='lat' dir='ltr'>fieret</span> <span class='ocrx_word' id='word_1_163' title='bbox 884 1946 1112 2036; x_wconf 82' lang='lat' dir='ltr'>scrupus</span> <span class='ocrx_word' id='word_1_164' title='bbox 1137 1947 1232 2013; x_wconf 87' lang='lat' dir='ltr'>seu</span> <span class='ocrx_word' id='word_1_165' title='bbox 1268 1953 1554 2036; x_wconf 66' lang='lat' dir='ltr'>aenigma,</span> <span class='ocrx_word' id='word_1_166' title='bbox 1581 1951 1768 2017; x_wconf 87' lang='lat' dir='ltr'>cuius-</span> 
     </span>
     <span class='ocr_line' id='line_1_20' title="bbox 166 2046 509 2122; baseline -0.023 -5"><span class='ocrx_word' id='word_1_167' title='bbox 166 2048 334 2117; x_wconf 85' lang='lat' dir='ltr'>modi</span> <span class='ocrx_word' id='word_1_168' title='bbox 358 2046 509 2122; x_wconf 80' lang='lat' dir='ltr'>sunt,</span> 
     </span>
    </p>
   </div>
   <div class='ocr_carea' id='block_1_5' title="bbox 258 2174 1534 2350">
    <p class='ocr_par' dir='ltr' id='par_1_6' title="bbox 258 2174 1534 2350">
     <span class='ocr_line' id='line_1_21' title="bbox 301 2174 1151 2229; baseline 0 -3"><span class='ocrx_word' id='word_1_169' title='bbox 301 2224 304 2226; x_wconf 75' lang='grc'>,</span> <span class='ocrx_word' id='word_1_170' title='bbox 770 2176 815 2229; x_wconf 95' lang='lat' dir='ltr'>L</span> <span class='ocrx_word' id='word_1_171' title='bbox 858 2177 910 2229; x_wconf 88' lang='lat' dir='ltr'>A</span> <span class='ocrx_word' id='word_1_172' title='bbox 951 2175 990 2229; x_wconf 88' lang='lat' dir='ltr'>P</span> <span class='ocrx_word' id='word_1_173' title='bbox 1035 2175 1058 2228; x_wconf 92' lang='lat' dir='ltr'>I</span> <span class='ocrx_word' id='word_1_174' title='bbox 1099 2174 1151 2227; x_wconf 84' lang='lat' dir='ltr'>S.</span> 
     </span>
     <span class='ocr_line' id='line_1_22' title="bbox 258 2264 1534 2350; baseline -0.002 -18"><span class='ocrx_word' id='word_1_175' title='bbox 258 2270 458 2332; x_wconf 83' lang='lat' dir='ltr'>Littera</span> <span class='ocrx_word' id='word_1_176' title='bbox 478 2265 701 2350; x_wconf 80' lang='lat' dir='ltr'>decedat,</span> <span class='ocrx_word' id='word_1_177' title='bbox 723 2264 967 2329; x_wconf 65' lang='lat' dir='ltr'>evolucris</span> <span class='ocrx_word' id='word_1_178' title='bbox 990 2285 1112 2328; x_wconf 81' lang='lat' dir='ltr'>tunc</span> <span class='ocrx_word' id='word_1_179' title='bbox 1134 2288 1310 2329; x_wconf 83' lang='lat' dir='ltr'>nomen</span> <span class='ocrx_word' id='word_1_180' title='bbox 1334 2264 1534 2330; x_wconf 78' lang='lat' dir='ltr'>habebo,</span> 
     </span>
    </p>
   </div>
   <div class='ocr_carea' id='block_1_6' title="bbox 261 2403 1770 2661">
    <p class='ocr_par' dir='ltr' id='par_1_7' title="bbox 261 2403 1770 2661">
     <span class='ocr_line' id='line_1_23' title="bbox 694 2403 1210 2460; baseline -0.002 0"><span class='ocrx_word' id='word_1_181' title='bbox 694 2405 733 2460; x_wconf 89' lang='lat' dir='ltr'>P</span> <span class='ocrx_word' id='word_1_182' title='bbox 777 2405 831 2459; x_wconf 92' lang='lat' dir='ltr'>O</span> <span class='ocrx_word' id='word_1_183' title='bbox 877 2406 928 2460; x_wconf 89' lang='lat' dir='ltr'>R</span> <span class='ocrx_word' id='word_1_184' title='bbox 970 2404 1019 2459; x_wconf 91' lang='lat' dir='ltr'>C</span> <span class='ocrx_word' id='word_1_185' title='bbox 1064 2405 1110 2459; x_wconf 94' lang='lat' dir='ltr'>V</span> <span class='ocrx_word' id='word_1_186' title='bbox 1155 2403 1210 2459; x_wconf 84' lang='lat' dir='ltr'>S.</span> 
     </span>
     <span class='ocr_line' id='line_1_24' title="bbox 261 2494 1557 2585; baseline -0.004 -25"><span class='ocrx_word' id='word_1_187' title='bbox 261 2498 502 2583; x_wconf 68' lang='lat' dir='ltr'>Qmine</span> <span class='ocrx_word' id='word_1_188' title='bbox 523 2518 704 2560; x_wconf 76' lang='lat' dir='ltr'>numen</span> <span class='ocrx_word' id='word_1_189' title='bbox 728 2494 897 2575; x_wconf 75' lang='lat' dir='ltr'>habet,</span> <span class='ocrx_word' id='word_1_190' title='bbox 911 2496 967 2584; x_wconf 84' lang='lat' dir='ltr'><em>fi</em></span> <span class='ocrx_word' id='word_1_191' title='bbox 981 2495 1152 2560; x_wconf 78' lang='lat' dir='ltr'>littera</span> <span class='ocrx_word' id='word_1_192' title='bbox 1163 2497 1332 2585; x_wconf 86' lang='lat' dir='ltr'>prima</span> <span class='ocrx_word' id='word_1_193' title='bbox 1345 2497 1557 2585; x_wconf 82' lang='lat' dir='ltr'>periret.</span> 
     </span>
     <span class='ocr_line' id='line_1_25' title="bbox 1487 2611 1770 2661; baseline 0.014 -4"><span class='ocrx_word' id='word_1_194' title='bbox 1487 2614 1527 2657; x_wconf 82' lang='lat' dir='ltr'>T</span> <span class='ocrx_word' id='word_1_195' title='bbox 1548 2615 1582 2655; x_wconf 81' lang='lat' dir='ltr'><strong>E</strong></span> <span class='ocrx_word' id='word_1_196' title='bbox 1602 2616 1626 2656; x_wconf 88' lang='lat' dir='ltr'>s</span> <span class='ocrx_word' id='word_1_197' title='bbox 1645 2611 1686 2655; x_wconf 82' lang='lat' dir='ltr'>T</span> <span class='ocrx_word' id='word_1_198' title='bbox 1705 2618 1770 2661; x_wconf 85' lang='lat' dir='ltr'>v·-</span> 
     </span>
    </p>
   </div>
  </div>
 </body>
</html>
