2201 3011
415 196 550 266 380
662 198 775 255 DE
840 196 1322 255 SYMBOLIS
1379 199 1834 258 HEROICIS

414 306 587 373 aliam
626 334 1066 397 quamcumque
1107 364 1125 391 ,
1170 303 1395 373 etiamsi
1441 314 1702 372 amicum
1746 305 2011 374 osculum

412 405 600 488 fuerit,
624 404 713 472 vel
732 406 874 495 quid
900 404 1191 489 blandiu5‚
1217 406 1530 494 repudiare.

508 509 718 591 Neque
744 503 984 568 assumas
1005 539 1019 583 ·,
1047 529 1224 586 mare,
1244 502 1487 592 quando
1509 500 1886 590 tranquillum
1912 504 2011 585 est,

406 598 554 664 recte
579 600 694 665 dici
737 599 992 666 lambere
1030 598 1182 666 littus
1222 655 1239 682 ‚
1285 624 1457 687 atque
1494 596 1639 663 illud
1677 598 2007 666 exosculari:

407 719 546 760 runc
589 704 748 762 enim
795 697 1151 785 metaphorae
1198 695 1542 784 metaphora
1587 720 1708 760 non
1757 697 2007 764 additur:

405 819 544 857 nam
571 820 730 858 mare
753 795 831 860 est
855 794 1039 859 difflo
1062 801 1294 882 propria
1317 849 1336 877 ,
1379 806 1438 858 δε
1462 799 1722 882 iungitur
1756 796 2011 886 congrue²

403 892 655 956 dictioni
678 891 972 957 transsatae.
991 895 1076 957 At
1098 899 1160 956 in
1185 918 1256 974 eo
1280 888 1567 980 Symbolo
1590 945 1609 972 ,
1635 887 1769 954 cum
1795 887 1862 956 sit
1884 919 2011 958 ma—

401 1013 456 1050 re
483 985 723 1053 Protafis
750 1044 767 1072 ,
793 989 872 1053 est
894 987 1026 1054 loco
1051 989 1322 1054 dietionis
1347 987 1627 1053 transsatae
1654 1023 1667 1067 ·‚
1694 985 1939 1078 ideoque
1965 988 2007 1054 fi

400 1110 467 1149 eo
491 1093 746 1174 coeperiS,
769 1086 982 1151 necesse
1005 1087 1085 1150 est
1109 1093 1315 1174 pariter
1338 1112 1407 1161 eo
1434 1083 1614 1150 finias,

493 1188 576 1248 Ita
602 1189 827 1248 Hector
853 1182 1107 1273 congrue
1132 1185 1412 1248 diceretur
1436 1190 1496 1248 in
1522 1180 1689 1247 obitu
1721 1188 2003 1274 extingui:

400 1275 496 1342 sed
521 1276 564 1343 fi
589 1279 902 1368 appelletur
926 1278 1092 1347 antea
1107 1284 1305 1346 Troiae
1331 1307 1528 1345 murus
1553 1330 1573 1354 ,
1601 1277 1724 1343 abit
1747 1286 1808 1343 in
1833 1277 2011 1368 figni-

399 1373 736 1442 ficationem
760 1386 837 1443 rei
861 1433 879 1461 ‚
904 1404 1034 1466 quae
1070 1375 1211 1443 solet
1243 1402 1399 1442 ruere
1431 1404 1496 1441 ac
1521 1374 1638 1440 labi
1663 1430 1680 1457 ‚
1717 1385 2003 1465 quoniam

396 1473 677 1541 strutstura
700 1476 780 1540 est
805 1488 864 1541 δεῖ
887 1473 1205 1540 aedificium
1233 1508 1248 1554 3
1286 1500 1409 1539 non
1436 1498 1631 1538 autem
1657 1479 1733 1537 rei
1757 1501 1886 1562 quae
1917 1475 2006 1542 so-

395 1568 474 1636 let
497 1579 789 1663 extingui,
817 1572 1148 1640 cuiusmodi
1169 1571 1249 1636 est
1268 1573 1392 1655 fax,
1417 1569 1660 1660 lampas,
1686 1569 1777 1637 vel
1801 1578 2001 1643 incen-

396 1668 583 1734 dium.

488 1765 725 1834 Debent
749 1765 923 1857 porro
949 1766 1070 1834 liaec
1094 1773 1284 1833 notari
1309 1762 1504 1831 sedqu
1531 1821 1547 1849 ,
1585 1774 1724 1855 quia
1746 1773 1808 1832 in
1839 1765 2000 1837 null-3

395 1887 452 1929 re
481 1873 664 1955 magis
690 1921 707 1948 ‚
734 1865 912 1954 quam
939 1873 1000 1932 in
1027 1871 1182 1931 rec'to
1206 1865 1306 1933 vsu
1339 1865 1689 1952 metaphorae
1712 1920 1730 1947 ,
1765 1872 2001 1956 ingenia

393 1959 446 2024 se
471 1963 742 2049 produnt.
784 1971 864 2029 Sit
888 1971 1064 2053 igitur
1090 1965 1307 2049 semper
1330 1967 1388 2025 in
1421 1958 1695 2027 lemmate
1719 1962 1902 2028 diedo
1928 1964 1997 2029 fi-

394 2084 548 2146 gurae
572 2067 802 2147 propria
829 2096 842 2139 3
866 2059 957 2126 vel
981 2059 1126 2124 certe
1153 2056 1219 2123 fit
1244 2054 1404 2146 quasi
1429 2067 1657 2146 propria
1681 2114 1700 2140 2
1726 2083 1790 2122 ea
1815 2066 1996 2126 nimi-

394 2179 526 2218 rum
551 2183 680 2242 quae
701 2183 767 2220 ex
790 2160 1074 2244 frequenti
1098 2156 1198 2222 vsu
1224 2154 1307 2219 illi
1328 2153 1628 2220 tribuatur.
1658 2160 1854 2243 Atque
1878 2157 1992 2224 hoc

392 2251 609 2317 idcirco
636 2254 791 2317 addo
809 2309 825 2335 ,
847 2280 917 2316 ne
944 2260 1037 2318 cui
1063 2253 1135 2318 ab
1161 2253 1268 2318 hac
1292 2275 1448 2339 parte
1470 2259 1654 2317 nimia
1679 2249 1745 2316 fit
1770 2251 1991 2343 religio.

393 2353 478 2413 Ita
501 2346 544 2412 fi
567 2352 838 2414 fomitem
877 2350 967 2413 seu
991 2352 1196 2414 funem
1228 2348 1653 2414 incendiarium
1679 2350 1989 2436 proposue-

396 2453 467 2510 ris
495 2501 512 2527 ‚
543 2454 628 2513 vti
653 2444 1003 2536 Symbolum
1029 2471 1136 2511 con
1148 2447 1365 2509 stantiae
1390 2452 1449 2509 in
1474 2444 1877 2511 beneuolentia‘i
1901 2455 1989 2512 in·

394 2567 475 2610 ter
499 2551 715 2610 amicos
741 2542 830 2611 vel
854 2552 1120 2635 coniuges
1146 2598 1163 2626 ,
1189 2541 1478 2609 lemmatis
1505 2540 1636 2608 loco
1667 2566 1859 2608 autem
1885 2547 1986 2609 ad-

1758 2638 1984 2725 scribaS‚
