2201 3011
349 114 462 184 vn)

354 204 898 283 Marchionem:
933 205 1134 281 cuius
1163 204 1308 281 iam
1327 201 1739 310 generosam
1772 204 1870 280 ire
1899 202 1973 285 in

357 316 595 393 saecula
636 316 1113 418 posteritatem
1151 310 1362 393 vides.
1431 316 1752 394 Tametsi
1799 314 1974 392 vero

356 428 591 503 doleas
617 488 637 520 ‚
674 453 1004 532 ereptum
1041 429 1081 504 ὲ
1118 428 1299 504 viuis
1335 431 1517 504 FRA
1538 453 1592 504 N
1612 451 1658 503 C
1681 453 1702 502 Ι
1722 452 1752 502 s
1774 447 1972 502 CVM

358 543 668 616 Fratrem
690 600 711 632 ,
747 539 1036 642 perinde
1075 539 1591 615 Marchionem
1617 538 1818 634 Antij
1839 598 1862 631 ,
1896 540 1976 610 &

357 652 628 732 Cerciae
660 654 955 726 Ducem
983 698 1001 750 3
1031 649 1243 726 laetari
1280 675 1482 753 potes
1503 712 1524 743 ,
1556 651 1735 728 dum
1775 675 1977 750 repu-

359 788 461 836 tas
497 822 518 854 ‚
557 759 894 864 superesse
937 759 1281 864 splendori
1331 790 1412 837 ac
1459 761 1785 866 dignitati
1825 759 1975 836 eius

358 876 893 949 OCTAVIVM
927 870 1157 948 filium
1188 933 1209 966 ‚
1243 875 1813 949 &CARoLVM
1851 899 1980 946 ne-v

355 1009 622 1086 potem.
660 982 980 1059 Tametfi
1015 984 1273 1086 pariter
1305 983 1541 1059 doleas
1577 984 1676 1059 ob
1716 982 1974 1058 funera

355 1094 669 1170 duorum
721 1095 964 1170 adhuc
1005 1097 1328 1170 Fratrum
1366 1142 1384 1194 3
1429 1123 1692 1198 nempe
1745 1096 1976 1169 DIO-

356 1230 422 1281 M
444 1230 482 1280 E
501 1230 553 1280 D
579 1230 598 1279 1
617 1229 648 1279 s
668 1267 689 1299 ,
722 1235 944 1310 quem
977 1202 1180 1281 sacrae
1207 1204 1448 1281 infulae
1470 1204 1794 1281 Ecclesia:
1816 1204 1976 1280 Tri-

355 1315 718 1393 caricenfis
763 1342 927 1392 ante
973 1318 1086 1392 Te
1134 1318 1615 1411 inornarunt
1670 1345 1753 1393 ac
1795 1313 1976 1391 insu

355 1456 480 1531 per
513 1431 724 1504 THO
750 1452 899 1503 MAE
930 1456 1214 1549 quem
1257 1428 1654 1504 incredibili
1697 1453 1976 1502 memo-

356 1568 492 1632 na
526 1540 813 1642 ingenio
854 1567 1046 1614 maxr
1052 1567 1178 1614 mo
1206 1537 1828 1643 eloquentiaque
1858 1536 1976 1613 ad-

358 1600 664 1725 miiabili
692 1649 1103 1753 praeditum
1131 1649 1316 1726 sacer
1343 1651 1553 1725 Ordo
1579 1648 1791 1726 sancti
1821 1652 1976 1724 Do-

357 1761 603 1836 minici
639 1823 660 1854 ,
701 1764 988 1838 Tecum
1023 1823 1046 1855 ,
1089 1762 1301 1836 nimis
1346 1762 1493 1837 cito
1528 1760 1972 1859 defiderauit3

360 1869 685 1947 solatium
719 1901 1066 1976 magnum
1108 1872 1343 1948 hauris
1385 1870 1856 1947 nihilominus
1883 1898 1972 1946 ex

355 1986 426 2057 T
447 2007 466 2056 1
488 2006 524 2055 Β
547 2006 584 2056 E
606 2007 650 2057 R
675 2008 764 2058 10
800 1988 1033 2058 Fratre
1049 2045 1069 2075 ,
1092 1982 1421 2057 Eisiniani
1444 1984 1759 2085 Principe
1778 2044 1799 2076 ,
1821 1981 1974 2057 Au-

357 2095 454 2168 ici
486 2093 778 2169 Velleris
815 2095 1127 2198 Equite
1177 2120 1390 2197 atque
1429 2092 1778 2196 Hispaniae
1812 2095 1977 2167 Ma-

360 2230 613 2307 gnate·
601 2233 876 2309 quem
915 2202 1148 2279 nescio
1173 2208 1482 2298 Tuum
1520 2234 1608 2280 an
1643 2203 1971 2297 Familiae,

358 2345 448 2390 an
493 2317 727 2418 Regni
760 2341 979 2390 totius
1002 2315 1277 2408 decus
1297 2317 1691 2393 &delicias
1731 2313 1972 2419 potius

355 2455 473 2500 1101
475 2454 807 2501 mnaiim.

1778 2538 1971 2630 Inter
