2201 3011
410 165 545 228 310
631 164 747 218 DE
803 163 1287 221 SYMBOLIS
1343 157 1799 215 HEROICIS

407 273 623 353 generis
656 294 721 332 ac
745 269 992 333 fortunae
1019 292 1247 357 magnae
1269 321 1288 349 ,
1341 259 1566 329 tametsi
1606 260 1766 327 clarat
1803 260 2010 326 adm0⁶

411 362 557 426 dum
577 418 594 445 ,
619 389 740 428 non
768 365 1040 430 deberent
1056 360 1493 451 propemodum
1519 383 1798 447 apparere.

507 463 566 522 A
591 458 775 547 figura
813 462 1096 525 eiusmodi
1134 515 1152 542 ,
1199 484 1325 546 quae
1351 454 1670 520 nullatenus
1711 482 1777 519 ex
1815 453 1868 517 se
1911 477 2010 539 pa-

414 577 494 618 tet
518 610 535 637 ,
586 555 811 620 tametsi
849 583 947 644 per
972 556 1335 646 Epigraphen
1367 553 1606 617 indicari
1632 548 1800 639 possit
1819 604 1837 632 ,
1884 547 2010 614 abs·

416 653 727 715 timendum
752 653 962 717 suadeo
993 682 1005 716 :
1059 660 1195 739 quia
1219 650 1528 716 obscuritas
1547 646 1812 737 Symboli
1834 672 2009 710 num-

417 773 594 832 quam
621 748 743 812 satis
769 758 829 813 in
849 748 912 812 ea
947 749 1225 814 vitabitur
1254 776 1265 811 τ
1294 754 1426 835 quis
1468 753 1628 810 enim
1665 743 1876 833 absque
1921 750 2010 808 in·

417 867 654 931 terprete
692 850 998 930 conijceret
1035 902 1053 929 ,
1085 853 1143 910 in
1176 844 1461 909 schemate
1499 839 1795 931 proposito
1832 837 2012 905 sidera

421 937 782 1007 considerari?

513 1043 666 1101 Dein
687 1094 705 1120 ,
746 1045 882 1127 quia
906 1037 1263 1103 ostendimus
1291 1092 1309 1118 ,
1337 1032 1622 1101 Protafim
1658 1061 1764 1101 nec
1808 1032 2014 1101 debere

421 1155 609 1197 totam
639 1133 870 1223 figurari
893 1189 910 1217 ,
933 1141 1010 1199 ita
1034 1158 1101 1200 vt
1124 1130 1193 1197 fit
1216 1159 1408 1222 expers
1427 1133 1720 1200 lemmatis
1747 1187 1765 1216 ‚
1788 1158 1895 1197 nec
1914 1131 2013 1195 de-

423 1227 553 1292 bere
596 1255 784 1295 totam
804 1240 1017 1299 narrari
1039 1286 1058 1314 ,
1112 1237 1192 1294 ita
1229 1253 1297 1295 Vt
1331 1227 1398 1295 fit
1436 1256 1627 1318 expers
1670 1229 1901 1320 figurae3
1949 1254 2016 1292 ex

420 1351 488 1387 eo
506 1328 808 1393 manifeste
829 1335 1013 1392 oritur
1034 1382 1051 1410 ‚
1077 1325 1283 1391 debere
1306 1335 1480 1392 etiam
1505 1328 1725 1416 semper
1765 1324 2015 1413 figuram

421 1421 675 1510 aliquam
703 1431 906 1514 pingi,
941 1448 1110 1513 atque
1142 1421 1285 1488 adeo
1320 1450 1416 1511 per
1460 1424 1843 1515 epigraphen,
1886 1447 2017 1511 qua:

424 1517 554 1584 loco
586 1520 860 1586 sermonis
890 1521 970 1585 est
995 1575 1014 1604 ,
1049 1528 1454 1610 proprietatem
1512 1519 1710 1613 figurae
1756 1519 2014 1585 indicari.

429 1621 513 1681 At
548 1623 610 1680 in
649 1618 944 1682 antedicto
983 1615 1268 1707 Symbolo
1301 1643 1422 1684 non
1452 1624 1771 1710 pinguntur
1814 1612 2018 1700 sidera,

428 1713 521 1776 sed
547 1721 886 1801 exprimitur
909 1712 1098 1779 solum
1119 1739 1320 1779 eorum
1346 1722 1679 1803 proprietas:
1698 1740 1913 1802 nempe
1928 1719 2017 1777 in·

431 1805 687 1875 sinuatur
708 1867 727 1894 ,
751 1811 954 1877 eadem
977 1808 1153 1878 fidera
1177 1838 1299 1879 non
1330 1818 1512 1895 cerni,
1538 1826 1597 1879 δε
1620 1813 1801 1879 adesse
1823 1837 2021 1878 tamen

427 1906 574 1970 dum
591 1914 810 1973 micant
835 1908 932 1975 Sol
951 1921 1009 1974 ὃς
1033 1911 1174 1975 dies.

522 2005 782 2071 Excusari
812 2005 996 2094 figura
1025 2007 1209 2096 potest
1231 2061 1250 2089 ,
1280 2032 1406 2096 quae
1432 2002 1706 2076 cumnon
1737 2036 2024 2099 appareat,

434 2108 493 2164 in
509 2128 564 2166 re
581 2101 778 2179 saltem
797 2103 861 2169 esi
882 2114 1223 2192 proponitur
1248 2161 1265 2188 ,
1290 2112 1352 2169 in
1377 2102 1491 2191 qua
1517 2114 1715 2194 vtique
1743 2105 1885 2173 solet
1901 2111 2023 2175 effe.

432 2202 515 2262 Ita
532 2198 891 2288 bombycem
906 2256 925 2284 ,
941 2209 1090 2266 intra
1114 2200 1339 2267 claustri
1354 2200 1436 2264 sui
1457 2201 1814 2269 officinulam
1833 2262 1852 2289 ,
1881 2214 2027 2274 inter

208 2322 389 2381 Pag.53‹
437 2292 547 2359 alia
573 2295 850 2385 Symbola
875 2303 1149 2382 Prooemij
1180 2297 1576 2363 recensuimus,

530 2396 744 2458 Rursus
769 2391 1210 2481 Qaestiuncula
1246 2395 1367 2459 haec
1403 2403 1606 2484 agitari
1636 2396 1823 2485 potest
1857 2398 1928 2463 de
1958 2398 2031 2465 fi·

440 2488 577 2579 gura
601 2545 621 2573 ,
663 2517 789 2579 quae
824 2492 1107 2556 formatur
1138 2490 1380 2579 quidem
1426 2545 1444 2575 ‚
1488 2490 1691 2560 verum
1736 2517 1858 2560 tota
1904 2521 2029 2561 non

430 2615 433 2618 >
1843 2592 2034 2659 osten-
