2201 3011
1751 177 1817 247 ix

313 303 506 377 Inter
529 297 652 376 has
681 295 954 399 generis
975 292 1175 399 quasi
1195 291 1412 368 stellas
1431 354 1451 387 ,
1475 291 1669 371 haud
1687 321 1822 396 ego

195 416 307 490 Te
325 412 627 488 dixerim
650 410 936 502 micare,
951 407 1151 484 velut
1172 406 1395 482 micat
1412 406 1601 481 inter
1622 406 1818 510 ignes

201 527 409 602 Luna
462 524 795 598 minores.
850 521 1097 597 Debet
1149 520 1332 595 inter
1388 516 1608 593 sidera
1645 518 1819 593 Solis

202 637 410 712 instar
435 632 853 739 confulgere
874 695 895 727 ,
931 630 1240 737 quisquis
1271 629 1386 707 ille
1420 630 1518 706 est
1541 692 1563 725 ,
1597 657 1823 734 quem

198 752 450 825 Genus
477 752 556 822 ὃζ
586 748 837 823 Virtus
869 746 1196 821 certatim
1226 746 1558 819 Heroem
1588 739 1820 817 conse-

200 887 421 936 cra-nt.
451 860 772 936 'Etenim
819 856 1175 934 stellarum
1212 855 1478 960 aliquas
1514 917 1534 948 ,
1573 859 1651 929 &C
1688 857 1827 929 Lu-

198 1000 374 1048 nam
411 969 625 1074 ipsam
647 1031 667 1066 ‚
706 968 985 1047 afflatus
1016 969 1308 1072 maligni
1344 965 1828 1069 saepenumerb

198 1081 650 1160 accusamus:
685 1108 753 1160 at
777 1082 897 1157 Sol
931 1080 1110 1158 solus
1139 1081 1237 1157 est
1268 1105 1465 1156 extra
1498 1076 1824 1171 maleficii

201 1223 366 1271 eam
395 1221 644 1271 notam
664 1257 685 1289 ,
716 1191 1128 1298 semperque
1160 1189 1467 1297 prosper,
1495 1189 1825 1284 salutai·i5‚

201 1312 281 1382 &
309 1307 571 1383 Virtuti
609 1305 1008 1382 simillimus
1032 1368 1053 1400 ,
1085 1302 1469 1410 gratusque
1507 1304 1718 1379 bonis
1751 1307 1829 1377 &

204 1418 405 1494 malis
424 1418 669 1495 oritur.
696 1418 958 1520 Qam
979 1444 1220 1522 gratus
1241 1416 1585 1491 omnibus
1603 1418 1726 1491 Tu
1746 1414 1827 1491 sis

205 1531 278 1605 in
313 1530 420 1607 his
451 1530 934 1633 Regionibu3‚
968 1530 1214 1605 dicent
1232 1528 1503 1622 Vrbe5‚
1533 1527 1827 1603 Prouin-

205 1642 331 1718 ciae
355 1703 377 1736 ,
411 1637 666 1744 Populi
702 1689 720 1742 3
767 1645 845 1717 &
873 1641 998 1746 qui
1033 1639 1193 1717 sunt
1223 1640 1431 1715 instar
1467 1640 1827 1734 omnium,

206 1753 450 1829 dicent
490 1753 737 1856 amplae
776 1753 990 1830 huius
1030 1752 1434 1858 Legationis
1475 1752 1828 1855 Principes

207 1864 533 1941 Maximi.
575 1864 694 1941 Sol
726 1865 1239 1971 circumagitur
1270 1860 1476 1941 causa
1495 1893 1828 1941 commu-

207 1977 313 2052 nis
346 1977 521 2052 boni
555 2007 569 2052 :
607 1976 902 2081 publico
935 1980 1058 2054 Tu
1090 1977 1386 2082 perinde
1419 1974 1829 2082 obsequeris

208 2087 609 2164 commodo
628 2150 649 2182 ,
682 2090 831 2166 Tui
858 2089 975 2166 vel
1002 2116 1472 2194 contemptor
1501 2152 1522 2185 ,
1550 2090 1664 2166 vel
1697 2090 1829 2164 im-

210 2226 514 2275 memor.
533 2200 652 2275 Sol
676 2202 987 2278 nubium
1006 2231 1089 2278 ac
1107 2229 1525 2298 ventorum,
1541 2206 1664 2278 Tu
1688 2203 1829 2278 ani-

211 2338 504 2387 morum
528 2315 606 2386 &
619 2312 997 2414 pectorum
1017 2312 1287 2391 diffidia
1306 2315 1692 2419 componis
1712 2346 1726 2389 :
1750 2343 1830 2390 ac

214 2419 295 2497 fit
337 2422 814 2524 pulcherrime
846 2489 867 2521 ,
898 2454 978 2504 vt
1011 2427 1458 2534 Vbicumque
1495 2426 1831 2502 alteruter

212 2530 482 2612 fulserit
513 2598 535 2631 ‚
569 2564 660 2613 ex
692 2565 898 2643 aequo
937 2540 1037 2616 ibi
1071 2537 1506 2617 conserenet.
1543 2538 1828 2615 Verum

1225 2651 1272 2726 b
1692 2649 1826 2755 ipsc
