2201 3011
489 196 866 255 LIBER
963 193 1416 253 NONVS.
1650 195 1790 264 413

193 295 430 365 redeunt
453 302 527 366 acl
546 301 852 366 Musarum
877 296 1044 364 dulce
1067 306 1257 365 otium
1277 336 1292 381 ·,
1312 327 1376 364 ac
1401 295 1644 365 subinde
1669 306 1792 362 ani-

189 401 276 458 mi
301 395 466 460 causa
489 452 507 479 ,
547 392 871 463 intermissis
897 403 1040 460 curis
1067 394 1428 485 grauioribus
1453 449 1472 477 ,
1511 395 1790 459 citharam

189 489 481 577 Apollinis
517 500 918 581 repercutiunt.
971 497 1284 557 Nimirum
1309 489 1530 557 nobiles
1557 517 1620 554 ac
1648 516 1789 577 prae-

188 586 392 652 stantes
433 596 642 653 animae
667 645 684 672 ,
727 613 904 654 coetus
943 594 1146 654 ineunt
1184 589 1435 653 eruditos
1475 623 1488 667 3
1532 599 1590 650 &
1633 612 1790 650 nunc

185 689 500 749 Orationes
539 682 888 750 suauiffimas
913 740 931 767 ,
966 710 1125 749 nunc
1149 680 1484 749 mollissima
1510 688 1788 748 Po'ema'ta

188 786 425 846 recitant
447 835 465 864 ,
505 807 662 848 nunc
697 779 849 872 stylo
872 780 1116 870 eleganti
1147 786 1395 846 tractant
1419 780 1786 865 Qaestiones

186 901 447 941 amcenas
471 929 490 954 ,
531 885 703 967 genio
727 903 866 944 tam
889 876 1041 943 felici
1066 932 1084 958 ,
1117 901 1181 943 vt
1217 877 1664 941 admirationem
1690 901 1787 939 eo-

187 997 318 1036 rum
345 1027 363 1054 ‚
387 982 490 1061 qui
513 975 588 1039 ad
619 975 894 1041 consessus
919 974 1207 1040 eiusmodi
1230 981 1472 1041 veniunt
1493 1028 1511 1056 ,
1536 973 1788 1060 saepenu-

185 1068 349 1134 mero
372 1073 631 1159 fatigent.

268 1171 477 1231 Romae
497 1175 553 1232 in
577 1173 776 1256 primis
796 1167 972 1256 digna
989 1192 1069 1232 res
1095 1173 1550 1254 Purpuratorum
1572 1175 1629 1229 δε
1648 1169 1786 1228 Pro-

187 1288 382 1328 cerum
407 1264 639 1330 auribus
663 1265 910 1340 videtur,
934 1263 1036 1328 hos
1063 1286 1383 1330 conuentus
1402 1262 1790 1326 Academico-

185 1384 321 1424 rum
359 1361 731 1426 cohonestare
769 1359 1062 1447 praesenti&
1085 1416 1104 1443 ‚
1143 1386 1313 1449 atque
1350 1365 1522 1422 aetatis
1556 1365 1787 1447 ingenia

183 1458 412 1539 fouere3
437 1465 497 1523 in
525 1455 638 1547 quii
662 1480 842 1539 aetate,
865 1480 990 1521 tam
1015 1456 1268 1523 studiose
1287 1453 1402 1524 vna
1425 1481 1563 1520 cum
1587 1453 1784 1521 litteris

185 1580 376 1620 mores
402 1555 685 1620 mansueti
709 1577 1058 1642 quaeruntur.

281 1654 542 1717 Memini
565 1657 738 1734 etiam
763 1705 781 1732 ,
818 1656 878 1714 in
903 1645 1203 1739 Qrinali
1228 1646 1411 1737 Regia
1431 1648 1690 1736 (quando
1713 1673 1785 1712 εε-

184 1747 293 1813 stas
319 1772 436 1814 erat
456 1804 475 1832 ,
517 1760 576 1813 δε
599 1746 844 1837 quando
865 1744 898 1811 a
919 1753 1162 1836 negotiis
1204 1747 1483 1812 consuetis
1512 1743 1685 1810 semel
1720 1752 1783 1810 in

183 1844 562 1912 hebdomade
585 1842 739 1910 Aula
764 1842 1093 1919 feriabatur)
1116 1844 1191 1909 ad
1224 1843 1395 1909 horas
1432 1843 1787 1932 pomeridia-

181 1967 283 2008 nas
323 1967 542 2032 coeptos
579 1940 782 2008 haberi
817 1937 1027 2006 slmiles
1059 1964 1256 2006 coetuS.
1298 1946 1455 2030 Qae
1479 1937 1614 2005 vero
1639 1938 1723 2005 ibi
1749 1935 1783 2004 a

182 2036 648 2130 praestantiffimis
673 2045 917 2128 ingeniis
943 2036 1281 2104 dicebantur
1302 2088 1322 2115 ,
1352 2064 1417 2102 ea
1439 2033 1784 2125 plerumque

179 2163 252 2201 ex
274 2162 418 2203 verae
442 2143 743 2224 Sapientiae
763 2134 1024 2201 fontibus
1047 2189 1067 2217 ,
1092 2147 1151 2200 δε
1177 2141 1476 2223 Scriptura:
1499 2133 1661 2198 sacrae
1686 2159 1784 2198 co·-

182 2232 409 2300 dicibus
449 2233 688 2318 hausta,
728 2233 802 2299 ad
839 2230 1323 2323 gubernationem
1361 2237 1654 2318 optimam
1692 2235 1786 2294 in·-

183 2328 495 2397 struebant.
534 2330 832 2398 Dicebant
856 2326 1117 2395 Praesules
1142 2384 1162 2413 ‚
1185 2352 1286 2394 aut
1305 2333 1435 2394 Viri
1458 2327 1785 2392 eruditione

180 2428 432 2509 summi3
456 2427 771 2494 audiebant
793 2423 1152 2509 CardinaleS,
1180 2438 1240 2491 δε
1264 2423 1558 2515 quidquid
1582 2446 1699 2488 erat
1722 2429 1785 2488 in

179 2524 342 2624 yrbe
373 2525 568 2600 Roma
591 2527 805 2622 ingenij
834 2585 854 2614 ,
883 2555 950 2596 ac
979 2525 1304 2692 1naies}c}tis.
1346 2528 1514 2593 Nam
1544 2520 1791 2687 ipsegiet
1828 2572 1829 2575 κ

1107 2632 1146 2693 Ρ
1285 2650 1309 2707 3
1710 2647 1795 2688 re-
