2201 3011
526 181 853 243 LIBER
943 180 1503 242 OCTAVVS.
1580 238 1582 240 ,
1691 187 1819 254 393

216 292 453 358 Contile
472 329 486 373 3
506 302 608 381 qui
631 292 950 376 arbitratur,
977 291 1164 380 potius
1189 290 1395 356 debere
1420 287 1564 355 illud
1589 296 1818 377 concipi

217 386 412 477 lingua
432 387 634 457 vfitatss.
657 398 717 456 in
736 388 1098 480 Regionibus
1117 445 1135 472 ,
1157 396 1219 453 in
1236 387 1448 476 quibus
1467 384 1817 476 Symbolum

216 494 580 574 proponitur.

274 601 276 603 ’
310 583 648 648 Existimem
672 609 780 672 ego
797 639 814 666 ,
839 590 899 648 in
925 580 1154 671 Europ-3
1177 579 1379 646 Latine.
1402 631 1422 656 ‚
1450 578 1650 644 Graece
1666 635 1682 660 ,
1705 584 1820 644 Ita-

216 676 321 743 lice
344 734 363 761 ,
388 678 611 745 Gallice
634 731 655 757 ,
679 680 991 769 Hispanice
1028 677 1304 744 lemmata
1326 677 1480 766 poss'e
1514 676 1817 757 conscribi,

217 773 351 840 cum
376 776 472 841 has
497 776 723 867 linguas
746 776 985 842 calleant
1003 774 1345 864 plerumque
1365 774 1633 839 homines
1657 781 1819 865 inge-

215 879 317 936 nui
356 897 526 962 atque
562 874 789 939 cruditi.
827 871 1106 963 Exempla
1131 871 1515 938 recensuimus
1539 926 1557 953 ,
1581 896 1817 961 excepto

214 970 493 1036 idiomate
519 977 742 1035 GraecO.

297 1065 575 1133 Claudius
589 1068 899 1133 paradinus
916 1068 1079 1131 refert
1095 1066 1207 1154 ipse
1226 1062 1578 1154 Symbolum
1595 1070 1817 1130 Come-

213 1161 426 1230 stabilis
449 1170 641 1255 Regni
659 1163 1005 1246 Galliarum,
1024 1190 1237 1250 nempe
1259 1160 1485 1227 armatii
1509 1159 1818 1228 brachium

209 1287 347 1326 cum
365 1262 750 1351 Epigraphe,A
764 1281 804 1324 ss
822 1280 856 1322 A
871 1279 903 1321 Α
920 1278 963 1322 N
979 1282 1020 1323 o
1035 1277 1073 1318 Σ
1088 1315 1107 1343 ‚
1127 1268 1212 1328 vti
1235 1256 1566 1324 sinceritatis
1589 1285 1654 1324 ac
1679 1257 1820 1324 fidei

211 1359 464 1424 tesseram
484 1388 497 1422 ε
520 1386 584 1423 ac
602 1356 956 1447 Symbolum
975 1359 1311 1423 Catharinae
1334 1360 1571 1444 Reginae
1599 1354 1819 1422 Gallia-

209 1482 338 1521 rum
345 1456 582 1539 ‚Itidem
599 1462 883 1521 nimirum
901 1482 1036 1537 cum
1056 1452 1353 1538 lemmate,
1379 1473 1418 1516 Φ
1433 1471 1484 1514 Ω
1503 1473 1542 1516 Σ
1581 1472 1618 1515 Φ
1636 1473 1669 1515 E
1688 1475 1720 1518 p
1735 1476 1779 1522 0
1797 1477 1819 1521 1

209 1572 253 1615 Η
270 1570 358 1614 ΔΕ
392 1570 481 1614 ΓΑ
497 1573 535 1615 Λ
552 1572 591 1615 Η
608 1572 650 1616 N
669 1572 712 1614 H
732 1572 792 1620 Ν.
833 1558 932 1617 Iris
965 1559 1125 1616 enim
1151 1550 1330 1618 veluti
1367 1554 1610 1643 spondet
1632 1610 1651 1639 ,
1692 1556 1817 1622 fore

209 1676 273 1716 vt
295 1652 549 1741 denique
576 1652 706 1739 post
727 1649 981 1717 imbrem
1007 1649 1348 1715 conserenet.

303 1753 416 1814 Pro
449 1748 721 1816 Arabum
745 1803 764 1831 ‚
800 1748 1104 1813 Thracum
1130 1802 1148 1830 ‚
1188 1747 1478 1813 Indorum
1502 1803 1521 1832 ‚
1554 1774 1620 1814 ac
1645 1754 1817 1838 Iapo-

207 1871 356 1910 num
380 1843 674 1913 locutione
698 1900 717 1930 ‚
741 1845 993 1913 vbinam
1015 1851 1371 1910 inueniretur
1394 1853 1665 1936 interpres
1691 1864 1708 1912 ?
1735 1845 1816 1913 ΕΞ

206 1942 593 2010 nihilominus
611 1994 634 2019 ,
660 1971 725 2009 ac
749 1940 942 2008 multo
968 1949 1154 2030 magis
1181 1943 1529 2010 Germanica
1546 1995 1563 2021 ,
1590 1951 1817 2010 Britan-

206 2039 337 2106 nicii
353 2096 372 2124 ‚
398 2038 676 2106 Polonicss.
690 2097 709 2123 ‚
726 2038 816 2107 vel
833 2036 1063 2129 Belgica
1086 2046 1172 2106 vti
1193 2036 1391 2108 licebit
1410 2077 1425 2122 ·,
1449 2038 1490 2106 fi
1512 2047 1699 2130 Regio
1722 2068 1816 2108 ea-

210 2161 342 2201 rum
367 2136 563 2226 aliqua
585 2193 604 2220 ,
638 2144 818 2226 patria
841 2134 910 2202 fit
932 2143 1233 2226 Scriptoris
1257 2138 1522 2227 Symboli
1548 2144 1819 2222 Hero'r‘ci,

210 2245 269 2299 ὃς
296 2230 339 2296 si
361 2232 446 2300 ibi
469 2235 640 2299 suum
664 2233 756 2301 ille
779 2232 1132 2326 Symbolum
1158 2235 1495 2324 exposuerit.
1525 2234 1815 2325 Alioquin

209 2331 419 2420 dignus
457 2330 745 2400 videretur
780 2387 799 2416 ‚
837 2358 1018 2422 quem
1052 2330 1224 2397 exilio
1267 2340 1450 2421 patria
1486 2331 1815 2416 muletaret,

207 2435 568 2518 quicumque
603 2428 930 2495 sermonem
968 2438 1223 2519 patrium
1255 2428 1425 2498 vellet
1459 2428 1492 2497 ἃ
1525 2429 1816 2522 Symbolis

207 2532 476 2600 Hero'r'cis
500 2534 757 2597 omnino
778 2525 1025 2595 exulare.

1151 2621 1325 2689 Ddd
1680 2629 1807 2691 DE
