2201 3011
431 207 564 273 352
657 204 772 260 DE
828 204 1310 262 SYMBOLIS
1365 206 1823 264 HEROICIS

433 308 688 374 facessere
710 307 917 376 debete
958 336 1395 429 quamcumque
1420 307 1829 400 expreffionem
1848 318 2032 380 animi

434 411 716 488 amentis,
762 431 860 470 aut
883 395 1072 470 minus
1090 409 1445 492 verecundi,
1487 432 1588 473 aut
1609 415 1818 496 quouis
1845 410 2029 474 modo

433 507 565 588 aegri
591 500 726 582 ,vel
758 502 1086 591 perturbati

483 556 748 664 c>Ad'nazc
774 606 1001 686 propria
1021 598 1111 664 vel
1135 598 1360 664 alterius
1377 606 1518 664 vitia
1534 597 1846 687 complecffi
1873 601 2030 666 sche-

433 718 589 756 mate
614 692 813 781 aliquo
837 745 856 771 ,
882 696 963 759 est
986 703 1125 761 vitia
1150 698 1352 760 eadem
1392 695 1648 784 profiteri
1679 724 1691 760 :
1721 703 1882 784 atqui
1909 696 2031 763 hoc

433 789 614 854 videri
638 796 961 856 Heroi'cum
988 817 1108 857 non
1137 793 1334 878 potest.
1400 798 1706 857 Nimirum
1733 847 1752 875 ,
1777 818 1903 880 quae
1929 790 2032 859 ali-

430 886 670 973 quando
697 886 977 976 Symbola
1000 888 1069 953 de
1095 886 1215 971 alijs
1241 888 1880 970 comminisci1m1t,aut
1903 916 2031 977 quae

430 979 551 1066 alijs
573 1007 859 1070 aptamuS,
884 986 1086 1061 eadem
1114 991 1192 1050 ita
1214 985 1540 1067 sumuntur,
1552 1010 1614 1049 ac
1633 981 1673 1048 fi
1696 982 1780 1049 illi
1800 982 2030 1072 ipsimet

431 1078 835 1167 profiterentur
858 1082 921 1146 id
957 1083 1028 1146 de
1053 1107 1173 1168 quo
1197 1088 1256 1146 in
1274 1079 1568 1170 Symbolis
1586 1087 1787 1170 agitur.
1837 1082 2030 1146 Susce-

433 1182 557 1263 ptio
582 1201 775 1242 autem
800 1176 891 1244 vel
914 1174 1182 1266 professio
1199 1184 1276 1242 rei
1293 1177 1545 1266 indignae
1563 1203 1890 1264 numquam
1911 1175 2029 1242 lau-

433 1270 699 1355 dabitur,
741 1285 798 1338 &
819 1300 1152 1362 numquam
1178 1273 1493 1341 metebitur
1517 1269 2028 1341 honoratissimum

431 1366 545 1433 hoc
567 1394 786 1434 nomen
825 1376 852 1433 Ι
878 1393 929 1434 Μ
956 1396 988 1437 1>
1019 1395 1060 1436 R
1088 1395 1122 1435 E
1151 1395 1176 1433 s
1206 1394 1266 1435 Α.

526 1464 646 1531 Hic
668 1465 858 1532 obiter
880 1491 1080 1531 notate
1106 1461 1628 1553 fit3Symbola,quae
1647 1463 1774 1552 post
1790 1463 2025 1532 obitum

433 1567 782 1629 Sanstorum
812 1618 827 1644 ,
846 1561 937 1628 vel
963 1570 1022 1627 in
1039 1564 1238 1627 funere
1252 1563 1469 1627 Virotu
1486 1559 1795 1626 illustrium
1814 1588 2028 1652 propo-

432 1657 1122 1747 nuntur,debeteconcipi
1147 1658 1401 1746 perinde,
1416 1653 1745 1746 quafi,dum
1772 1665 2031 1727 viuerent

433 1751 515 1820 illi
541 1781 605 1820 ac
645 1755 917 1844 spirarent
942 1810 958 1838 ,
999 1753 1406 1844 profiterentur
1430 1760 1700 1820 virtutem
1725 1804 1746 1832 ,
1786 1761 1942 1822 cuius
1961 1755 2029 1823 fit

432 1847 779 1939 significatio
804 1860 862 1918 in
890 1852 1104 1919 eisdem
1130 1847 1437 1942 Symbolis.
1466 1853 1551 1917 At
1566 1849 1696 1917 cum
1722 1876 1842 1917 non
1868 1849 2027 1919 aliter

427 1954 657 2036 concipi
702 1947 950 2014 debeant
986 1946 1266 2039 Symbola
1282 2002 1300 2031 ,
1326 1972 1454 2035 quae
1479 1946 1783 2014 vibrantur
1805 1955 1867 2013 in
1893 1946 2029 2014 alte-

425 2052 539 2108 rius
565 2068 976 2134 contemptum
994 2067 1093 2110 aut
1122 2049 1502 2132 vituperium,
1527 2048 1621 2108 seu
1645 2041 1740 2127 alij
1759 2097 1781 2124 ,
1803 2044 1891 2108 seu
1919 2070 2025 2112 nos

425 2134 532 2227 ,ipsi
558 2139 935 2227 profiteamur
973 2166 1192 2230 aegtum
1218 2167 1282 2206 ac
1331 2138 1731 2229 perturbatum
1758 2146 2025 2207 animum

428 2260 562 2322 erga
588 2233 724 2301 alios
751 2291 767 2319 ‚
797 2264 862 2302 ac
885 2264 977 2303 eos
1016 2237 1293 2303 dedecore
1339 2233 1584 2306 velimus
1611 2235 1896 2325 aspergere
1919 2291 1939 2319 ,
1965 2237 2028 2306 id

429 2356 554 2399 non
576 2333 758 2420 potest
782 2339 1108 2401 He.r0·1·cum
1133 2336 1362 2399 censeri.

538 2427 646 2494 Sed
667 2438 841 2495 etiam
867 2427 1013 2495 illud
1031 2436 1387 2513 monuerim,
1408 2424 1725 2495 insimulari
1749 2427 2024 2517 superbiat

427 2546 528 2593 aut
550 2530 837 2593 iaetantia,
864 2523 1144 2617 Symbola
1164 2524 1262 2594 illa
1283 2550 1407 2593 non
1432 2525 1612 2615 poss'e,
1657 2550 1785 2614 quae
1810 2550 2023 2614 magna

1891 2645 2025 2709 pto-
