2201 3011
398 203 731 260 LIBER
831 197 1455 256 SECVNDVS.
1671 199 1761 262 79

157 310 311 403 galea
347 367 366 396 ,
406 324 464 378 &
500 312 835 376 Maioranus
880 305 1175 397 Augustus
1222 312 1282 370 in
1328 303 1528 394 clypeo
1576 306 1766 396 gesta-

161 1501 292 1554 runt
334 1533 352 1561 ,
405 1485 509 1544 rati
552 1483 801 1542 omnino
845 1476 1120 1542 decorum
1143 1477 1244 1541 effe
1269 1532 1287 1560 ‚
1324 1501 1544 1541 nomen
1580 1481 1761 1542 Ducis

159 1581 347 1639 aeterni
370 1631 389 1658 ,
414 1582 504 1639 cui
528 1572 850 1640 militabant
865 1629 882 1657 ‚
907 1580 968 1639 in
993 1582 1160 1640 armis
1186 1600 1289 1663 pro
1312 1571 1499 1638 teffer-si
1523 1580 1766 1639 circum·

156 1673 309 1736 ferre.

282 1768 521 1832 Addam
546 1764 730 1831 obiter
758 1821 776 1849 ,
823 1793 914 1831 eos
953 1767 1096 1855 ipsos
1136 1767 1477 1832 characteres
1523 1764 1556 1832 a
1601 1773 1765 1834 Con-

158 1865 411 1929 stantino
447 1862 750 1950 adscriptos
783 1861 979 1928 laureae
1005 1889 1228 1929 coronae
1255 1865 1759 1952 triumphantium.

160 1965 291 2051 Q
333 1967 487 2025 enim
531 1958 818 2047 templum
857 1959 1143 2049 Apollinis
1183 1987 1359 2050 prope
1394 1960 1599 2028 vrbem
1635 1967 1763 2027 An-

158 2058 489 2123 tiochenam
513 2113 531 2139 ‚
555 2064 616 2121 in
639 2057 890 2144 Daphne
913 2114 931 2141 ,
954 2058 1068 2123 hoc
1090 2059 1170 2123 est
1192 2066 1252 2123 in
1277 2056 1479 2141 celebri
1523 2058 1760 2145 lauretO,

159 2156 323 2242 quod
361 2160 544 2218 Graeci
582 2159 761 2225 Δοίφυίω
791 2178 1001 2221 vocant
1022 2211 1041 2237 ,
1085 2153 1117 2219 a
1158 2156 1545 2244 superstitione
1592 2165 1760 2223 omni

161 2259 518 2339 expiauerat3
558 2248 743 2318 effecit
777 2259 950 2317 etiam
985 2307 1004 2334 ,
1042 2276 1109 2319 vt
1143 2258 1510 2340 Imperatores
1555 2260 1758 2319 trium-

157 2348 468 2438 phaturi,&
492 2345 696 2412 milites
721 2348 835 2434 alij,
851 2375 972 2414 non
995 2349 1068 2415 ab
1091 2348 1383 2437 Apolline,
1413 2350 1507 2414 sed
1528 2348 1561 2415 a
1587 2351 1760 2415 Chri-

159 2446 247 2510 sto
285 2451 554 2509 Domino
597 2449 848 2511 victoriae
885 2452 1113 2512 auctore
1143 2472 1418 2512 coronam
1447 2455 1761 2534 acciperent

160 2542 418 2632 deinceps
437 2597 454 2626 ‚
478 2541 689 2608 eodem
709 2543 892 2609 modo
906 2544 1230 2633 inscriptam
1247 2599 1264 2627 ‚
1291 2571 1355 2610 ac
1375 2542 1551 2611 veluti
1573 2543 1762 2607 conse-

1533 2664 1761 2708 Csataln:
