2201 3011
550 132 867 191 L1BER
955 118 1400 192 SEXTVS.
1617 138 1767 205 299

175 246 346 305 ratim
372 238 605 307 collatio
627 243 721 307 seu
743 239 1038 306 transsatio
1062 240 1312 328 praestet3
1337 241 1529 307 adhuc
1551 241 1773 307 excellit

176 334 499 403 similitudo
525 345 668 403 inter
691 344 1149 424 comparationes
1171 335 1328 420 alias,
1353 345 1490 426 quia
1507 337 1630 426 quo
1648 365 1774 404 ma-

173 440 257 522 gis
283 461 415 500 vera
431 436 544 510 est,
570 434 640 500 eo
663 431 1041 499 conciliandae
1064 432 1352 521 voluptati
1377 442 1563 522 aptior
1582 437 1773 501 cense-

175 553 281 594 tur.
351 532 533 618 Qid
555 538 749 595 enim?
777 530 949 595 trahit
972 529 1069 594 sua
1090 528 1356 618 voluptas
1380 557 1773 619 vnamquam-

175 653 288 713 que
312 626 641 692 facultatem
666 635 876 692 animae
901 663 915 706 3
950 639 1008 691 δέ
1034 633 1160 693 vim
1191 626 1361 692 nobis
1401 628 1653 693 inditam
1694 628 1771 692 ad

172 721 640 813 intelligendum,
664 724 840 789 trahit
862 748 902 789 v
927 749 960 787 Ε
976 747 1018 789 R
1042 747 1065 787 1
1085 749 1124 789 T
1146 747 1189 788 A
1210 748 1255 788 S.
1273 721 1442 789 Illam
1464 723 1599 790 ideo
1623 723 1772 789 odo-

172 844 359 902 ratur,
359 782 661 911 &vestigata
694 848 757 886 ac
776 827 1053 909 perquirit
1074 820 1335 943 semper,
1360 829 1518 887 iuxta
1534 826 1766 907 Horatij

168 913 537 984 versiculum

264 1023 435 1102 Atque
457 1017 589 1077 inter
599 1009 761 1101 siluas
782 1011 1039 1079 eAcademi
1059 1037 1275 1103 quaerere
1307 1037 1347 1079 v
1368 1039 1402 1078 Ε
1419 1038 1463 1080 R
1481 1038 1521 1079 v
1537 1035 1610 1079 M.

176 1107 366 1175 Placet
388 1109 693 1200 Apologus
717 1165 737 1193 ,
761 1108 946 1200 placet
964 1108 1245 1176 Parabola
1269 1166 1287 1193 ‚
1310 1108 1540 1199 placent
1560 1116 1771 1175 Hiero-

169 1204 443 1295 glyphica
465 1262 484 1289 ,
530 1219 591 1272 &
636 1204 749 1271 alia
790 1206 1089 1297 ingeniosa
1132 1208 1196 1273 id
1233 1233 1410 1296 genus
1445 1207 1769 1272 hominum

171 1327 510 1368 commenta
532 1339 548 1384 3
573 1310 712 1392 quia
734 1310 800 1368 iis
823 1310 1069 1371 veritatis
1104 1311 1360 1370 imitatio
1390 1304 1660 1392 quaedam
1684 1311 1773 1370 in-

170 1400 268 1464 est.
323 1406 553 1465 Etenim

280 1507 324 1559 F
325 1501 443 1573 ida,
469 1495 751 1586 ”voluptam
773 1496 953 1572 causei,
963 1491 1094 1579 fiant
1105 1497 1344 1585 proxima
1357 1499 1524 1561 veris.

171 1597 320 1656 Item
358 1591 544 1681 placet
581 1593 774 1658 adhuc
807 1600 991 1682 magis
1017 1593 1278 1658 Historia
1296 1628 1313 1672 3
1334 1593 1430 1658 seu
1452 1595 1692 1659 fortuita
1714 1619 1772 1658 e-

172 1713 347 1753 uenta
372 1742 386 1768 ,
410 1689 504 1754 seu
527 1715 609 1754 res
635 1689 810 1778 gestas
837 1695 1098 1754 enuntiet
1123 1718 1137 1753 ε
1185 1715 1328 1754 nam
1353 1697 1415 1755 in
1438 1689 1529 1755 his
1567 1698 1774 1778 reperi-

171 1809 265 1850 tur
286 1811 488 1851 verum
505 1841 524 1868 ‚
548 1785 643 1850 sed
665 1792 918 1850 mixtum
935 1838 952 1866 ,
976 1809 1075 1851 aut
1095 1783 1377 1870 libertate,
1402 1810 1498 1853 aut
1521 1787 1646 1853 casu
1669 1822 1685 1868 3
1711 1799 1774 1853 δε

172 1908 245 1947 ne
266 1880 486 1964 multiS‚
509 1907 711 1949 verum
736 1888 1093 1971 contingens·

263 1979 536 2043 Sedenim
561 1979 640 2042 est
658 2004 757 2044 cur
778 1976 998 2068 placeat
1016 1975 1273 2044 maxime
1296 1975 1622 2046 similitudo
1644 2005 1777 2069 qua:

173 2075 420 2140 sumitur
436 2101 500 2139 ex
524 2072 748 2158 natura,
772 2073 864 2144 vel
889 2099 1004 2141 arte
1026 2077 1212 2156 factis3
1230 2081 1368 2163 quia
1391 2081 1453 2142 in
1475 2077 1563 2142 his
1585 2084 1774 2142 conti-

172 2193 341 2235 netur
364 2196 568 2236 verum
592 2171 814 2256 stabile,
830 2172 1121 2254 ·constanS‚
1145 2198 1212 2237 ac
1234 2196 1575 2260 perpetuum
1590 2224 1611 2250 ,
1637 2181 1778 2240 citra

174 2291 401 2331 metum
422 2321 441 2350 ,
474 2293 548 2331 ne
571 2266 757 2356 potius
782 2265 981 2335 contre}
1003 2264 1104 2334 fit:
1146 2268 1355 2334 fundat
1377 2267 1518 2337 vero
1537 2270 1777 2337 assensus

174 2365 427 2429 nostros:
462 2375 524 2429 ὃς
541 2365 703 2452 quod
728 2365 866 2430 inde
887 2373 1104 2449 oritur,
1128 2361 1272 2432 ficut
1296 2372 1356 2432 in
1381 2373 1448 2434 iis
1478 2367 1562 2433 est
1583 2373 1776 2434 maior

177 2469 403 2543 vetitas,
427 2467 505 2528 ita
528 2467 718 2528 maior
729 2463 816 2529 est
837 2460 1121 2552 voluptas,

1042 2564 1085 2624 P
1101 2585 1141 2648 p
1206 2585 1240 2623 2.
1545 2558 1778 2649 Qoad
