2201 3011
424 202 558 275 348
676 208 776 263 DE
833 206 1315 266 SYMBOLIS
1384 209 1859 267 HEROICIS

516 309 789 381 Offetent
813 315 866 380 se
890 316 1185 382 interdum
1211 315 1492 407 Symbola
1510 373 1529 402 ,
1565 344 1692 407 quae
1718 341 1815 385 aut
1839 319 2027 407 super-

424 409 583 474 biam
602 465 621 492 ,
647 435 744 477 aut
769 411 1180 494 ambitionem,
1197 439 1295 480 aut
1319 414 1736 481 contumeliam
1756 414 2024 499 aliorum,

424 530 525 570 aut
546 506 890 574 obscoenum
916 535 1179 574 amorem
1210 565 1228 593 ‚
1260 536 1358 576 aut
1381 509 1488 576 alia
1506 511 1822 600 perturbati
1841 519 2026 578 animi

423 629 762 691 argumenta
787 613 1089 671 continent
1115 635 1127 670 :
1159 618 1217 671 &
1242 633 1309 673 ex
1332 608 1419 672 his
1444 607 1732 674 nonnulla
1753 664 1770 690 ,
1791 609 1885 673 sed
1908 605 2026 674 fine

424 705 738 782 icone,iam
763 705 1000 768 referam
1027 732 1041 767 :
1068 729 1206 768 nam
1227 730 1355 792 quae
1380 701 1496 768 fine
1512 703 1872 788 vimuejm&
1889 732 2027 770 cum

424 802 571 862 vitio
597 796 837 882 fiunt,ea
860 825 1062 865 ornate
1086 826 1205 864 non
1233 800 1438 867 debeo.

519 896 833 961 Terminus
859 923 995 961 eum
1020 897 1343 985 Epigraphe
1361 952 1379 980 ,
1403 903 1468 962 N
1492 922 1522 961 E
1538 920 1587 961 M
1611 921 1632 961 1
1655 921 1697 962 N
1721 920 1742 962 1
1786 918 1825 961 C
1848 923 1880 963 E
1901 922 1946 964 D
1963 922 2028 982 ο,

424 989 657 1056 schema
675 995 785 1057 fuit
809 992 1026 1059 Erasini
1045 1022 1059 1058 ε
1087 1019 1452 1082 quamquam
1478 1002 1521 1058 is
1539 1018 1606 1060 vt
1622 994 1834 1058 fastum
1853 996 2025 1061 suum

428 1111 641 1176 tegeret
657 1144 675 1171 ,
702 1090 773 1155 de
796 1114 981 1156 morte
1006 1086 1040 1155 ἓι
1062 1089 1113 1154 se
1139 1097 1231 1179 agi
1246 1089 1576 1173 affirmauit,
1595 1098 1880 1177 quoniam
1905 1092 2028 1157 haec

426 1192 653 1250 nemini
678 1194 875 1274 parcit.
919 1187 1103 1252 Haud
1134 1187 1363 1253 videtur
1385 1211 1580 1252 tamen
1605 1194 1856 1251 omnino
1874 1212 2028 1253 extra

428 1281 703 1368 superbiae
725 1308 930 1348 notam
955 1284 1059 1348 effe
1073 1338 1092 1366 ,
1119 1290 1255 1371 quia
1280 1310 1435 1349 mors
1461 1285 1610 1350 cedit
1631 1288 1786 1366 Dec,
1813 1295 1871 1349 δε
1897 1290 2027 1349 Ioui

429 1384 710 1444 terminus
733 1380 928 1444 cedere
950 1379 1245 1444 recusauit.

524 1473 802 1542 Camelus
827 1476 998 1542 humi
1022 1472 1405 1564 procumbens
1429 1530 1448 1558 ,
1473 1500 1538 1539 ac
1562 1501 1775 1541 merces
1795 1484 1953 1541 iuxta
1976 1477 2031 1542 se

427 1569 647 1638 habens
672 1628 690 1655 ,
714 1600 852 1638 cum
876 1571 1151 1637 lemmate
1175 1624 1189 1651 ,
1229 1576 1289 1635 D
1307 1594 1348 1634 ο
1372 1594 1416 1636 Ν
1441 1597 1474 1635 E
1493 1595 1531 1637 C
1582 1595 1625 1635 Α
1646 1596 1684 1637 c
1705 1597 1744 1638 C
1766 1598 1789 1637 1
1806 1597 1842 1639 1‘
1862 1598 1883 1638 1
1904 1595 2029 1657 AT,

425 1666 782 1757 Symbolum
819 1669 1080 1736 hominis
1120 1675 1222 1758 qui
1265 1667 1514 1735 honores
1553 1664 1702 1734 falsis
1739 1667 2030 1760 obsequiis

423 1763 739 1832 ambiebat.

536 1861 812 1929 Camelus
836 1869 1011 1929 etiam
1034 1861 1370 1953 perturbans
1389 1862 1533 1950 pede
1547 1888 1722 1950 aquas
1741 1917 1759 1945 ,
1784 1889 1921 1951 quas
1938 1863 2029 1932 bi-

424 1958 648 2028 biturus
678 1961 781 2044 est,
801 1987 937 2026 cum
965 1959 1188 2027 Gallica
1211 1987 1274 2025 ea
1245 1959 1680 2047 inscriptione,
1708 1965 1795 2025 LE
1818 1983 2030 2027 TRov-

420 2078 457 2121 B
485 2082 521 2124 Ι.
549 2083 584 2122 E
651 2075 704 2121 M
732 2081 767 2122 ε
835 2081 869 2124 Ρ
897 2083 934 2125 L
965 2081 1008 2124 Α
1035 2080 1057 2122 1
1086 2082 1192 2125 ετ.
1262 2054 1492 2168 hoeest,
1515 2054 1924 2142 Turbasciete,
1948 2058 2029 2122 est

425 2178 557 2218 mea
587 2152 870 2243 voluptas
1266 2179 1270 2183 ·

502 2255 656 2339 Ignis
686 2277 932 2340 magnus
979 2275 1118 2317 cum
1162 2249 1320 2317 nube
1362 2251 1555 2331 fumi,
1603 2260 1662 2314 δε
1702 2274 1840 2314 cum
1883 2246 2031 2315 lem-

422 2370 578 2413 mate
618 2345 865 2430 Italic0‚
924 2353 1169 2414 Dovss
1216 2372 1251 2413 E
1296 2369 1545 2414 GRAN
1601 2369 1763 2413 Fvo
1794 2369 1946 2430 CO,
1995 2371 2033 2411 E

420 2466 461 2510 G
490 2468 535 2511 R
559 2470 604 2510 A
626 2466 672 2510 N
730 2469 761 2512 F
786 2471 824 2512 v
852 2468 900 2510 M
931 2467 993 2509 0.
1042 2445 1106 2510 id
1138 2443 1250 2528 est,
1289 2444 1380 2511 Ibi
1417 2469 1666 2533 magnus
1693 2446 1889 2508 fumus
1915 2443 2032 2523 est,

421 2538 529 2608 vbi
567 2542 648 2609 est
692 2567 943 2634 magnus
986 2547 1154 2634 ignis.
1204 2567 1326 2633 quo
1362 2539 1650 2608 schemate
1693 2545 1782 2608 vit
1822 2537 2031 2625 aliquis

1808 2659 2033 2725 puma-
